2875 5000
474 438 575 484 xu

2521 622 2665 692 Pag.

472 709 578 764 De
625 705 1155 764 declinatione.
1263 747 2317 764 .............
2379 746 2406 763 ·.
2481 751 2495 765 .
2566 713 2673 768 222

608 797 701 850 De
735 794 1120 849 declinatione
1153 793 1202 848 1.
1256 793 1322 862 ‘5.
1358 796 1427 849 28
1429 830 2493 852 .............
2564 800 2670 856 223

604 882 700 940 De
734 880 1113 936 declinatione
1145 880 1223 935 II.
1281 881 1329 949 5.
1364 884 1434 938 29
1437 921 2493 939 .............
2564 888 2670 943 226

604 971 696 1026 De
731 968 1110 1023 declinatione
1144 967 1256 1023 111.
1330 970 1375 1036 5.
1411 972 1498 1025 30.
1606 1010 2490 1026 ...........
2562 974 2668 1029 228

604 1058 697 1113 De
733 1055 1120 1110 declinatione
1156 1057 1432 1110 anomala.
1525 1058 1570 1126 5.
1608 1060 1692 1114 31.
1781 1097 2490 1114 .........
2561 1061 2668 1116 239

602 1145 695 1200 De
729 1141 1156 1214 pronominibus
1193 1135 1593 1214 personalibus
1628 1154 1687 1199 et
1720 1144 2076 1215 possessivis.
2130 1145 2176 1214 5.
2210 1146 2299 1202 32.
2384 1187 2398 1200 .
2472 1185 2487 1200 .
2559 1148 2665 1202 247

600 1234 694 1287 De
730 1222 972 1300 rfiiquis
1009 1231 1454 1302 pronominibus.
1524 1233 1567 1300 5.
1602 1234 1688 1289 33.
1779 1274 1793 1288 .
1865 1272 1880 1287 .
1951 1272 1966 1287 .
2038 1271 2053 1286 .
2124 1272 2139 1286 .
2212 1272 2226 1287 .
2297 1272 2312 1288 .
2384 1273 2399 1287 .
2472 1273 2487 1287 .
2558 1234 2665 1290 264

602 1319 697 1374 De
731 1319 1130 1375 numeralibus
1202 1320 1247 1388 5.
1284 1322 1354 1376 34
1357 1357 2485 1375 ..............
2556 1323 2663 1379 278

460 1459 571 1514 De
615 1458 1156 1528 conjugatione.
1255 1497 2048 1514 ..........
2101 1512 2112 1522 ,
2120 1498 2483 1513 .....
2552 1461 2660 1516 282

597 1565 691 1620 De
725 1572 1089 1635 systematum
1125 1560 1477 1618 formatione.
1548 1564 1596 1631 5.
1631 1564 1719 1618 35.
1769 1604 1783 1617 .
1857 1564 1889 1618 .’
1944 1603 2480 1618 .......
2550 1564 2658 1619 283

595 1652 689 1707 De
723 1650 1135 1720 conjugationis
1170 1648 1388 1703 ratione
1422 1650 1722 1704 communi.
1788 1652 1833 1716 5.
1868 1653 1938 1707 36
1940 1689 2480 1704 .......
2551 1652 2655 1705 291

592 1738 687 1796 De
722 1738 1118 1808 conjugatione
1154 1736 1214 1790 in
1253 1756 1309 1788 ω.
1381 1738 1424 1804 5.
1461 1740 1529 1792 37
1533 1774 2479 1791 ............
2550 1740 2654 1794 301

590 1826 685 1882 De
722 1826 1097 1897 praesentium
1144 1832 1558 1879 contractorum
1604 1831 1662 1877 et
1708 1822 2020 1877 futurorum
2066 1823 2479 1892 conjugatione.

659 1915 705 1981 5.
743 1917 815 1972 38
817 1947 1780 1970 ............
1839 1927 1874 1964 ’.-
1939 1950 2476 1966 .......
2549 1914 2656 1969 307

586 2000 682 2055 De
715 2000 1109 2071 conjugatione
1150 1999 1208 2053 in
1255 2021 1332 2063 μο.
1417 1999 1463 2065 5.
1498 2000 1568 2054 39
1571 2036 2477 2052 ...........
2546 2000 2655 2054 311

588 2087 683 2142 De
719 2089 893 2142 verbo
931 2087 1052 2151 εἰμι’.
1105 2088 1152 2154 5.
1185 2088 1258 2141 40
1260 2125 2477 2142 ...............
2547 2086 2654 2141 318

586 2175 680 2230 De
715 2176 1109 2245 conjugatione
1142 2171 1383 2245 perfecti
1429 2182 1489 2228 et
1533 2172 1734 2227 aoristi
1782 2171 1974 2242 primi.
2043 2173 2089 2242 5.
2123 2174 2212 2229 41.
2284 2214 2299 2226 .
2371 2213 2386 2227 .
2460 2212 2473 2226 .
2544 2173 2654 2228 328

586 2260 682 2316 De
718 2262 1114 2330 conjugatione
1151 2260 1423 2317 anomala.
1495 2261 1540 2327 5.
1579 2262 1663 2316 42.
1759 2302 1772 2315 .
1848 2303 1861 2315 .
1934 2303 1947 2316 .
2022 2303 2035 2315 .
2110 2302 2124 2315 .
2199 2303 2213 2315 .
2287 2302 2300 2315 .
2371 2301 2385 2314 .
2458 2300 2471 2313 .
2542 2262 2648 2314 337

584 2347 679 2403 De
714 2348 1250 2420 praepositionibus.
1332 2348 1378 2416 5.
1416 2350 1503 2404 43.
1594 2386 2470 2404 ...........
2540 2348 2645 2403 353

584 2435 679 2490 De
714 2435 1003 2491 adverbiis
1039 2436 1154 2490 loci
1190 2445 1249 2491 et
1281 2436 1569 2506 temporie.
1624 2438 1670 2506 5.
1709 2437 1778 2492 44
1782 2475 2471 2491 .........
2540 2437 2646 2490 361

585 2523 680 2578 De
715 2523 889 2580 variis
928 2524 1237 2596 particulis.
1330 2527 1375 2591 5.
1410 2526 1500 2579 45.
1587 2561 2468 2583 ...........
2541 2515 2649 2578 378

581 2610 763 2667 Varia
797 2612 1088 2680 quaedam.
1161 2613 1207 2678 5.
1243 2612 1330 2667 46.
1413 2650 2469 2666 .............
2540 2612 2648 2667 386

580 2698 677 2753 De
712 2700 975 2755 universa
1007 2698 1250 2753 Doride.
1333 2698 1377 2766 5.
1414 2701 1503 2754 47.
1583 2740 1629 2768 .⁵
1670 2740 1684 2753 .
1734 2687 1737 2690 k
1757 2736 2461 2752 .........
2538 2699 2644 2753 395

578 2785 674 2840 De
707 2786 934 2841 mitiore
962 2785 1208 2842 Doride.
1266 2785 1311 2853 5.
1353 2787 1443 2841 48.
1499 2795 1513 2840 4
1587 2826 1600 2840 .
1672 2827 1686 2840 .
1757 2827 1771 2840 .
1820 2825 1859 2861 .·
1931 2824 1945 2837 .
1977 2845 1978 2850 ἵ
2019 2824 2466 2838 ......
2502 2819 2508 2825 -
2538 2786 2645 2840 403

578 2871 674 2927 De
705 2874 992 2928 severiore
1026 2873 1266 2929 Doride.
1337 2873 1382 2941 5.
1422 2875 1494 2930 49
1496 2909 2464 2927 ............
2534 2875 2641 2927 414

576 2959 670 3015 De
704 2961 947 3016 Doridis
981 2977 1250 3031 generum
1282 2972 1339 3016 et
1377 2960 1693 3032 specierum
1728 2957 1971 3029 origine.
2041 2958 2084 3024 5.
2125 2960 2212 3014 50.
2276 3000 2289 3011 .
2363 2998 2378 3011 .
2450 3000 2463 3012 .
2534 2961 2639 3016 423

441 3100 844 3172 Appendix.

579 3206 624 3259 1.
693 3203 1021 3275 Epicharmi
1074 3207 1402 3275 fragmenta.
1490 3249 1505 3263 .
1577 3248 1591 3262 .
1666 3248 1679 3261 .
1735 3223 1740 3229 ·
1752 3245 2461 3261 .........
2531 3207 2634 3260 535

575 3291 656 3347 11.
728 3289 1047 3360 Sophronis
1082 3294 1411 3363 fragmenta.
1489 3333 2458 3350 ............
2530 3292 2636 3347 464

574 3377 687 3431 111.
761 3378 1173 3434 Timocreontis
1209 3380 1424 3434 Rhodii
1466 3379 1746 3449 reliquiae
1780 3381 2049 3435 Doricae.
2100 3423 2114 3437 .
2148 3421 2154 3426 ·
2186 3422 2201 3436 .
2274 3422 2287 3435 .
2359 3420 2374 3435 .
2446 3421 2459 3434 .
2529 3379 2633 3433 477

574 3451 683 3523 IV.
754 3465 1206 3522 Chelidonismus
1244 3484 1547 3538 puerorum
1585 3468 1937 3523 Rhodiorum
1943 3507 2456 3523 .......
2527 3466 2634 3521 478

573 3551 649 3608 V.
719 3551 1123 3623 Spartanorum
1170 3564 1226 3610 et
1276 3555 1624 3625 Argivorum
1673 3556 1920 3611 foedera.
1993 3537 2256 3626 Thucyd.
2293 3552 2353 3611 V
2410 3570 2458 3605 c.

641 3642 728 3696 77.
782 3641 867 3696 79.
963 3681 2455 3698 ..................
2526 3641 2632 3694 480

571 3726 681 3782 VI.
752 3726 1038 3788 Laconica
1071 3729 1343 3797 quaedam
1348 3770 1764 3786 ......
1827 3748 1832 3753 ·
1838 3770 2196 3786 .....
2246 3736 2281 3781 '.
2355 3767 2369 3781 .
2441 3768 2454 3781 .
2524 3729 2632 3785 482

571 3811 714 3868 Vll.
786 3814 1093 3871 Decretum
1129 3815 1609 3894 Amphictyonum
1645 3819 1818 3890 Gorp.
1861 3819 2036 3873 Inscr.
2074 3832 2159 3870 nr.
2199 3817 2386 3870 1688.
2440 3857 2454 3869 .
2524 3816 2632 3872 484

430 3955 782 4012 Addenda
830 3965 900 4011 et
946 3957 1415 4028 Corrigenda.

573 4060 664 4115 Ad
707 4059 943 4125 Librum
980 4062 1030 4116 1.
1135 4103 2449 4118 ................
2520 4064 2627 4117 495

569 4147 660 4201 Ad
700 4148 937 4202 Librum
972 4149 1052 4205 11.
1134 4192 2103 4207 ............
2133 4151 2144 4161 ’
2178 4195 2190 4206 .
2266 4196 2278 4207 .
2350 4196 2362 4207 .
2439 4194 2450 4206 .
2522 4152 2627 4206 551

569 4236 919 4306 Epimetrum
956 4237 1028 4290 ad
1078 4249 1377 4308 utrumque
1411 4239 1649 4294 Librum
1653 4279 2449 4296 ..........
2520 4241 2623 4294 577
