2875 5000
757 458 872 533 Ad
924 457 1248 577 Librum
1300 456 1660 533 Primum.
1810 483 1817 488 ·
2142 457 2292 538 517

78 662 432 730 contrario
480 664 817 747 Προβατία
876 662 1174 753 ipsorum
1215 665 1611 731 Boeotorum
1657 666 2088 756 antiquiorem
2141 691 2290 759 pro-

80 765 583 832 nuntiationem
624 783 775 832 esse
817 765 1288 832 existimamus.

266 868 465 955 Pag.
513 867 639 933 174
696 870 744 935 Ι.
779 868 892 936 25.
984 868 1189 933 Gens.
1234 868 1524 932 Darmst.
1575 869 1808 954 βλεέρει
1863 870 2036 961 apud
2080 871 2291 960 Hesy-

82 969 327 1038 cbium
367 969 477 1036 vel
531 982 942 1061 repugnante
999 970 1330 1036 literarum
1371 968 1600 1034 ordine
1643 969 1715 1034 in
1768 972 2047 1059 βελεήρει
2088 985 2290 1040 muta·

82 1072 145 1138 ri
184 1071 433 1158 jubet,
506 1095 876 1162 quanquam
923 1071 1092 1146 ἔλεος
1134 1094 1280 1137 cum
1325 1063 1637 1138 derivatis
1680 1073 1938 1139 nullum
1982 1074 2293 1165 digammi

84 1171 453 1263 vestigium
496 1175 712 1240 babet
734 1195 948 1263 neque
989 1195 1276 1264 unquam
1322 1173 1389 1238 in
1419 1173 1731 1242 Boeotica
1762 1173 2039 1243 dialecto
2087 1187 2131 1259 β
2176 1199 2292 1267 pro

88 1275 427 1364 digamma
473 1277 789 1366 scriptum
832 1275 1178 1365 reperitur.

269 1379 645 1468 Pag.175
705 1403 821 1443 nr.
863 1379 925 1444 1.
1017 1375 1187 1453 Δεύς
1227 1377 1521 1443 Acbarn.
1541 1322 1690 1445 '871
1739 1402 1915 1445 nunc
1958 1401 1996 1444 e
2037 1378 2293 1447 Raven-

87 1491 248 1546 nate
295 1504 333 1547 a
374 1480 722 1546 Dindorflo
767 1491 1098 1570 receptum
1143 1490 1291 1565 est·
1377 1477 1738 1555 Λεύξιππος
1778 1505 1898 1569 pro
1947 1480 2295 1559 Ζεύξιππος

88 1582 411 1672 legitur
391 1607 462 1648 ιιι
505 1582 698 1648 titulo
746 1581 1188 1649 orchomenio
1231 1578 1446 1650 Curtii
1491 1605 1593 1646 ιιι.
1625 1582 1693 1649 8.

271 1683 464 1773 Pag.
512 1684 637 1752 176
693 1683 745 1749 l.
788 1684 854 1751 6.
962 1683 1422 1774 Suspicionem
1478 1693 1766 1748 nostram
1825 1683 1906 1748 de
1958 1684 2120 1750 mira
2181 1685 2296 1753 illa

89 1810 269 1853 voce
314 1784 631 1868 ὀπίττομαι
672 1786 780 1853 vel
824 1790 1178 1868 ὅπλίττομαι
1218 1809 1350 1851 non
1391 1783 1697 1875 probabit
1738 1784 1934 1851 Gens.
1974 1786 2291 1864 Darmst„

87 1911 324 1979 neque
363 1887 492 1977 ipsi
535 1887 727 1954 enixe
771 1887 1232 1973 defendimus,
1296 1888 1412 1954 sed
1457 1883 1963 1976 probabiliorem
2011 1886 2294 1978 explica-

89 1988 348 2056 tionem
393 1987 681 2058 libenter
723 1991 1144 2081 accipiemus,

272 2093 469 2181 Pag-
520 2093 645 2160 178
700 2094 749 2160 l.
799 2095 918 2161 15.
1020 2097 1185 2161 Item
1231 2091 1468 2161 Boeoti
1530 2095 1788 2178 στροτός
1845 2113 1991 2159 eum
2032 2091 2299 2159 Lesbiis

97 2194 373 2275 dixere,
457 2195 520 2261 si
571 2195 825 2285 aliquid
881 2195 1036 2264 fidei
1094 2195 1464 2263 babendum
1521 2208 1623 2262 est
1663 2195 1811 2263 voci
1836 2194 2299 2263 dubitationis

95 2297 339 2388 plenae
387 2296 459 2363 in
501 2298 718 2364 titulis
761 2296 1226 2364 Orchomeniis
1269 2298 1507 2364 Leakii
1550 2324 1652 2364 nr.
1693 2299 1777 2366 37
1817 2299 1867 2365 l.
1897 2297 1982 2365 27
2024 2309 2090 2363 et
2135 2296 2297 2364 Cur·

96 2399 187 2464 tii
227 2424 328 2465 nr.
356 2400 399 2467 8
442 2401 491 2465 l.
518 2400 584 2467 6.
674 2399 900 2482 Quum
942 2400 1118 2466 enim
1164 2400 1233 2466 in
1278 2400 1397 2468 illo
1441 2402 1683 2467 loetum
1732 2401 1821 2466 sit
1862 2427 1932 2464 τυ
1965 2450 1978 2464 .
2028 2448 2044 2465 .
2083 2425 2299 2484 ρατον-

103 2526 514 2587 εστροτευαον
544 2547 567 2585 ,
656 2502 930 2568 Curtius
986 2503 1153 2593 legit
1219 2503 1326 2570 τᾶν
1380 2508 1618 2588 πρᾶτον
1674 2503 2295 2587 ἐστροτευάθη[σαν],

100 2605 337 2693 ultima
381 2604 698 2694 supplens
727 2650 749 2686 ,
819 2628 1022 2693 quum
1083 2605 1153 2671 in
1211 2608 1338 2672 boc
1379 2606 1577 2673 titulo
1619 2607 1852 2672 lacuna
1896 2604 1968 2669 in
2011 2614 2300 2670 extremo

100 2730 303 2774 versu
347 2719 498 2773 ante
542 2718 922 2797 sequentem
967 2708 1336 2795 catalogum
1395 2709 1559 2775 ferri
1610 2707 1859 2798 possit,
1946 2706 2017 2771 in
2063 2704 2298 2771 Leakii

100 2820 321 2879 nutem
378 2810 577 2878 titulo
634 2835 718 2876 ne
775 2809 975 2876 unius
1029 2810 1297 2901 quidem
1352 2810 1585 2876 literae
1642 2811 1877 2877 lacuna
1934 2808 2300 2899 significata

101 2912 218 2979 sit.
344 2912 719 2979 Dummodo
775 2911 985 3001 igitur
1026 2912 1295 2977 verbum
1344 2911 1695 2998 στροτευάω
1738 2912 2003 2977 tolerari
2056 2909 2295 3000 possit,

100 3013 400 3081 Lesbius
442 3014 689 3081 rectius
734 3014 984 3105 legisse
1027 3015 1306 3080 videtur.
1437 3012 1702 3079 Deinde
1748 3013 2022 3079 Curtius
2065 3012 2149 3077 ad
2192 3010 2299 3076 τὸν

99 3120 344 3204 πρᾶτον
387 3117 681 3206 suppleri
715 3116 910 3203 jubet
953 3116 1216 3201 στρατόν
1260 3116 1368 3181 vel
1415 3114 1654 3180 στόλον.
1792 3114 1990 3199 Quod
2033 3114 2147 3178 vix
2199 3136 2299 3179 re-

101 3231 214 3286 ete
253 3220 490 3285 factum
536 3229 679 3304 est,
742 3218 856 3282 sed
900 3218 971 3283 in
1005 3217 1342 3284 Lealsiano
1380 3216 1578 3284 titulo
1620 3214 1972 3304 legendum
2017 3238 2166 3282 esse
2205 3215 2301 3282 vi·

104 3323 300 3388 detur
337 3320 478 3385 τύδε
520 3320 662 3401 (aut
702 3317 803 3403 τύ)
846 3324 1083 3400 πρᾶτον
1126 3317 1554 3404 ἐστροτεύαον,
1604 3318 1674 3383 in
1699 3317 2015 3385 Curtiano
2041 3321 2139 3384 τοὶ
2157 3344 2227 3383 π.
2243 3320 2295 3383 ἔ.

102 3422 446 3513 Simplicis
509 3421 769 3488 articuli
827 3445 1044 3514 parem
1088 3446 1281 3489 usum
1327 3421 1754 3488 observamus
1816 3420 1887 3486 in
1929 3422 2125 3488 titulo
2170 3420 2298 3485 Co·
2379 3503 2381 3505 ι

99 3524 299 3619 pensi
342 3524 492 3591 Ulr.
555 3551 622 3616 p.
668 3524 795 3594 203
854 3529 953 3591 τοὶ
1009 3516 1450 3610 ἀπεγράψαντο
1494 3527 1567 3607 ἐμ
1612 3521 2026 3607 πελτοφόρας.
2133 3521 2299 3584 Item

98 3632 183 3697 in
210 3626 338 3691 alio
357 3626 648 3718 Copeusi
696 3653 797 3694 nr.
826 3627 1032 3712 1574,
1076 3626 1191 3693 ubi
1233 3628 1679 3718 apographum
1720 3650 1861 3690 τον.
1884 3649 2022 3721 7⁸7,-
2051 3639 2294 3705 α’ψαντ.

100 3743 281 3813 etc.,
340 3750 505 3817 quae
548 3729 918 3796 Boeckbius
960 3728 1032 3793 in
1074 3730 1265 3809 τοῦδε
1310 3726 1772 3810 ἆ]πεγράψαντο
1817 3735 1943 3788 etc.
2000 3722 2296 3808 mutavit,

99 3833 330 3925 potius
392 3831 515 3911 το[ῖ
571 3829 1040 3916 ἆ]πεγράψαντο
1087 3831 1149 3893 ἐν
1194 3831 1446 3903 ὁπλίτας
1486 3825 1961 3893 restituendum
2007 3847 2153 3890 esse
2199 3826 2300 3890 vi-

107 3937 321 4002 detur.
446 3931 688 3998 Contra
749 3930 886 3995 τύδε
932 3933 1231 3995 ἑνίκωσαν
1281 3928 1362 3994 τὰ
1408 3931 1785 4011 Χαριτείσια
1828 3938 1928 3991 est
1970 3926 2039 3992 in
2089 3925 2296 3992 Orch.

110 4034 300 4106 1585.
381 4038 386 4044 ’
419 4033 627 4102 Aliud
668 4033 1022 4101 Boeoticae
1063 4024 1312 4099 formae
1360 4029 1616 4116 οτροτός
1658 4029 2116 4095 documentum
2161 4030 2298 4094 for-

107 4151 286 4207 tasse
323 4139 481 4205 latet
520 4160 622 4201 nr.
651 4134 817 4202 1578
859 4136 1095 4214 (Leak.
1143 4133 1248 4214 11,
1295 4134 1450 4217 45),
1510 4130 1625 4198 ubi
1664 4120 1977 4198 Poeocltii
2025 4155 2295 4221 apogra-

111 4240 353 4332 phum,
445 4261 577 4328 quo
621 4238 994 4305 Boecbbius
1051 4249 1211 4304 usus
1268 4247 1406 4320 est,
1494 4245 1976 4320 Μνασισροτιος
2028 4232 2295 4323 praebet

120 4343 204 4422 (B
248 4342 617 4433 suspicatur
657 4339 1207 4428 Μνασιβρότιος),·
1255 4338 1489 4405 Leukii
1534 4336 2078 4425 Μνασιστράτιος,
2128 4335 2293 4403 etin
2390 4394 2395 4397 ,
