2875 5000
781 397 901 472 Ad
949 395 1278 473 Librum
1322 395 1690 472 Primum.
2180 397 2330 476 521

89 602 414 670 ‹leensis
452 625 557 668 ιιι.
604 602 687 669 33
730 601 935 668 Leak.
961 648 984 686 ,
1055 600 1132 667 in
1177 622 1307 691 qno
1349 599 1538 666 Νέων
1579 611 1646 667 et
1683 602 1788 668 τοῒ
1822 625 1944 692 pro
1984 606 2081 686 ‘cest'-
2112 601 2184 690 (e
2227 628 2330 671 nr.

93 703 302 774 1588
346 704 605 770 Leukio
646 714 910 770 anctore
954 703 1022 769 II
1068 726 1170 767 nr.
1192 702 1273 768 31
1301 700 1486 767 „adde
1529 700 1877 782 Μύτωνος,
1923 729 2127 795 quum
2155 729 2335 773 nune

92 806 517 892 ’Δρίστωνος
554 806 895 896 Ιοςιιῒιιι),
959 816 1098 871 tum
1142 802 1581 893 Thespiensis
1625 828 1729 869 nr.
1774 805 1860 871 77
1903 806 2109 875 Leak.
2132 856 2154 893 ,
2216 808 2335 874 ubi

109 906 576 996 Θρασύμαχος
629 917 698 974 et
750 909 881 984 τοῖς
936 918 1002 972 et
1059 904 1385 995 Copensis
1442 906 1793 972 frustulum
1852 907 1997 975 fflr.
2062 933 2134 999 Ρ.
2178 909 2330 995 203,

99 1012 239 1078 uhi
285 1012 417 1077 τοί.
512 1010 604 1076 Et
643 1010 715 1075 in
756 1010 863 1075 his
908 1008 1176 1099 quidem
1217 1006 1433 1073 titulis
1474 1027 1800 1099 nusquam
1845 1033 1919 1075 ov
1961 1034 2083 1100 pro
2108 1035 2144 1075 υ
2191 1020 2257 1078 et
2292 1037 2336 1075 v

96 1137 243 1203 pro
295 1117 386 1180 σι’
408 1114 514 1180 vel
556 1137 605 1194 ῳ
645 1110 1086 1201 reperiuntur.
1182 1109 1426 1177 ,Mixto
1468 1110 1799 1201 quaedam
1839 1111 2006 1179 ratio
2046 1111 2335 1202 primum

100 1226 226 1283 est
269 1216 350 1281 in
402 1214 610 1300 titulis
654 1212 849 1280 Ptoio
892 1224 970 1280 et.
1001 1210 1445 1279 orchomenio
1486 1235 1590 1277 nr.
1637 1212 1681 1280 8
1724 1211 1912 1278 Curt.
1939 1262 1964 1291 ,
2025 1216 2145 1305 qni
2185 1238 2333 1306 pro·

104 1318 403 1383 ductum
444 1342 483 1380 υ
524 1324 818 1398 mutant,
881 1328 1252 1405 correptum
1298 1324 1594 1392 servant,
1640 1314 2120 1406 diphthongum
2165 1343 2229 1383 οι
2270 1328 2337 1384 et

105 1429 401 1487 servant
442 1428 508 1484 et
546 1441 672 1508 pro
715 1442 766 1500 ῳ
806 1428 1101 1507 ponunt,
1146 1426 1220 1481 ut
1263 1416 1336 1481 in
1382 1414 1581 1481 Ptoio
1627 1426 1780 1481 sunt
1826 1418 2135 1498 Πούθων,
2178 1426 2334 1484 FA-

111 1523 468 1605 otvpeQBmv
516 1521 869 1602 Γρυλλίων,
915 1516 1348 1601 Ὀνόμαστος,
1393 1520 1701 1597 Βοιωτοί,
1748 1524 2094 1618 Βοιωτοῖς,
2147 1528 2337 1586 Πτω-

109 1626 214 1690 loo
255 1647 387 1714 pro
433 1624 706 1706 Πτωῖῳ,
784 1632 849 1688 et
890 1622 963 1688 ἰιι
1009 1619 1458 1688 Orchomenia
1511 1617 1924 1700 Θιοκούδειξ,
2004 1625 2331 1708 flowing,

114 1724 464 1809 Πούθων,
509 1723 985 1812 Πουθόδωρος,
1036 1719 1424 1808 Πολύρειτος
1443 1723 1575 1807 (Ἰ),
1633 1721 2046 1844 Θρασύλαος,
2092 1724 2331 1809 Ὀλυμ-

111 1829 381 1913 πίχιος,
425 1824 831 1914 Εὐρύλοχος,
876 1823 1159 1912 Μύρτιον
1205 1821 1411 1915 (quod
1434 1825 1706 1892 Curtius
1732 1835 1979 1892 temere
2008 1827 2081 1891 in
2095 1826 2333 1911 Μούρ-

115 1955 256 1993 ‘cmv
296 1926 642 2015 mutavit),
716 1927 1069 2004 Βοιωτοῖς,
1139 1919 1612 2014 Ἐρχομενίοις,
1692 1929 1824 2002 τοῖς
1866 1927 2283 2015 πολεμάρχοις
2303 1958 2328 2012 ,-

117 2040 422 2098 ceterum
464 2030 738 2098 eandem
782 2030 1101 2097 rationem
1135 2028 1275 2115 jam
1319 2027 1596 2095 observa
1637 2027 1710 2094 in
1762 2028 1842 2095 C.
1879 2029 1936 2095 Ι.
1982 2055 2086 2095 ιιι.
2137 2030 2333 2118 1565,

119 2132 248 2199 ubi
289 2132 445 2220 τύχα
488 2144 554 2199 et
599 2131 879 2199 α’σουλία.
968 2133 1312 2200 Postremo
1357 2129 1429 2195 in
1461 2130 1906 2199 orchomenio
1949 2133 2116 2199 nr.7
2139 2131 2330 2199 Curt-

125 2236 352 2304 omnia
391 2250 636 2302 temere
678 2234 880 2301 mixta
925 2234 1539 2328 deprehendunturz
1585 2232 1812 2322 τούχα,
1862 2232 2160 2316 ἇσουλία,
2205 2242 2337 2300 Fv-

126 2340 280 2422 κία,
359 2336 668 2422 ἔςγόνοις,
746 2337 878 2414 τοῖς
923 2336 1131 2413 ἄλλοις
1173 2333 1538 2423 προξένοις,
1617 2338 1722 2401 τοῒ
1762 2334 1932 2418 δάμῳ
1976 2338 2111 2421 (Ἰ),
2177 2335 2334 2402 afim?

130 2464 257 2532 pro
302 2439 487 2523 αὐτῷ.
591 2439 671 2504 In
714 2438 954 2506 iisdem
998 2439 1103 2506 his
1147 2435 1398 2519 titulis,
1458 2438 1578 2532 qui
1621 2437 2068 2505 Boeotismum
2110 2438 2337 2508 minus

127 2544 418 2634 perfecte
466 2543 713 2608 referre
755 2540 1096 2621 videntur,
1143 2542 1415 2608 observa
1436 2589 1459 2626 ,
1505 2565 1673 2632 quae
1712 2565 1871 2630 prae
1913 2541 2197 2631 reliquis
2239 2553 2334 2610 et-

127 2646 264 2712 iam
303 2645 516 2735 magis
559 2643 872 2713 Boeotios
914 2644 1197 2712 habente
1290 2643 1553 2709 α’νὲθιαν
1590 2643 1663 2709 in
1709 2641 1907 2711 Ptoio
1927 2691 1950 2729 ,
2019 2656 2333 2736 patrony-

130 2747 303 2815 mica
357 2746 430 2813 in
471 2773 579 2829 fios·
626 2747 998 2814 desinentia
1038 2747 1110 2812 in
1153 2745 1350 2812 Ptoio
1374 2795 1394 2823 ,
1483 2744 1889 2836 Thespiensi
1943 2756 2010 2811 et
2051 2758 2333 2838 utroque

134 2849 349 2917 Curtii
392 2848 832 2918 orchomenio
874 2850 1286 2939 frequentata
1304 2894 1327 2934 ,
1373 2845 1617 2938 quibus
1650 2847 2131 2915 orchomenias
2163 2850 2328 2914 Len·

132 2951 234 3018 hii
285 2975 385 3016 nr.
430 2951 517 3018 37
558 2952 824 3019 omnino
881 2951 1186 3019 abstinet.
1252 2986 1331 2998 —
1419 2949 1650 3040 Itaque
1696 2973 2015 3017 novorum
2063 2974 2330 3041 quoque

134 3055 468 3121 titulorum
516 3053 825 3120 Thebani
879 3066 946 3119 et
985 3051 1436 3120 Lebadeensis
1482 3052 1564 3117 ml
1606 3054 1879 3119 alterum
1927 3062 2138 3143 genus
2183 3076 2332 3142 per·

136 3156 387 3240 tinent,
460 3154 641 3246 quod
683 3155 907 3223 minus
950 3154 1335 3221 Boeotienm
1374 3153 1782 3242 visumlest3
1870 3155 2105 3227 deinde
2150 3156 2328 3223 The·

142 3259 417 3347 spiensis
462 3257 695 3324 titulus
734 3256 1107 3324 Praxiteleo
1150 3256 1336 3346 operi
1379 3255 1801 3347 subscriptus
1818 3303 1841 3337 ,
1889 3258 2006 3348 qui
2024 3256 2326 3348 ‘reliquis

137 3361 354 3453 paullo
395 3358 730 3450 antiquior
770 3371 906 3441 est,
995 3368 1060 3424 et
1111 3356 1343 3424 Ptoins
1402 3357 1562 3424 item
1621 3359 1995 3450 antiquior,
2083 3360 2328 3451 qnippe

143 3462 257 3553 qui
297 3462 626 3530 Ulriehsio
671 3462 904 3551 judice
958 3460 1185 3550 paullo
1226 3470 1379 3550 post
1424 3459 1537 3526 Ol.
1588 3462 1751 3547 116,
1801 3464 1837 3528 1
1885 3463 2167 3552 scriptus
2208 3461 2324 3546 sit,

141 3587 304 3656 quae
344 3565 608 3659 egregie
653 3588 801 3635 eum
835 3574 1070 3631 nostro
1104 3562 1367 3649 judicio
1409 3569 1812 3652 conspirant.

305 3664 486 3753 Pag-
530 3668 746 3735 1981.
786 3666 827 3735 5
873 3676 1077 3733 extr.
1123 3666 1260 3753 leg.
1311 3688 1425 3729 nr.
1477 3666 1645 3732 1599
1685 3666 2230 3750 Αὲσχρονὸας.

305 3766 491 3856 Peg.
540 3768 664 3834 199
704 3778 872 3833 not.
898 3769 975 3834 3.
1066 3765 1266 3831 Adde
1306 3774 1640 3850 Κροεσος,
1685 3764 1867 3856 quod
1909 3776 2011 3834 est
2051 3765 2124 3832 in
2166 3791 2323 3835 vase

147 3879 302 3938 teste
339 3867 586 3935 Leakio
629 3869 699 3935 ΙΙ
737 3894 808 3960 Ρ.
840 3869 993 3938 472.

305 3971 493 4060 Pag.
538 3969 663 4038 201
706 3971 756 4037 l.
792 3972 897 4041 10.
986 3970 1067 4038 Ιιι
1103 3969 1301 4038 libris
1345 3981 1449 4041 est
1488 3968 1811 4056 ψιάθους,
1900 3970 2081 4062 quod
2121 3971 2321 4039 Bent-

152 4074 310 4165 lejus
349 4072 637 4140 mutavit.

308 4214 381 4227 -
439 4176 491 4241 1.
536 4175 645 4244 20.
736 4176 1150 4254 Διονιούσιος
1219 4202 1322 4244 ιιι.
1383 4178 1429 4247 8
1488 4175 1671 4245 Curt.
1750 4174 1823 4241 in
1890 4175 2109 4270 lapide
2169 4198 2319 4269 esse

157 4301 331 4368 aegre
371 4277 725 4347 eredimus.
