2875 5000
94 456 164 550 §.
193 459 335 537 5⁰.
384 454 823 533 DeDoridis
850 476 1207 558 generum
1240 465 1312 527 et
1348 448 1764 548 specierum
1799 445 2104 548 origine.
2158 444 2304 523 431

95 672 275 729 rnnt
311 660 455 730 vid.
487 658 758 727 ffliller.
795 657 963 726 Dor.
1012 657 1046 723 1
1092 681 1163 748 p.
1192 656 1319 724 174
1358 665 1425 722 et
1466 652 1645 745 quod
1684 674 1808 744 per
1844 648 2114 742 aliquod
2153 663 2316 719 tem-

98 788 250 856 pus
295 762 519 846 servi,
583 762 1003 829 Achaeorum
1055 757 1304 850 posteri
1322 803 1345 841 ‚
1405 779 1665 823 omnem
1705 756 2173 846 rempublicam
2216 763 2319 819 te·-

100 865 378 935 nebant
417 864 551 933 vid.
600 864 766 931 ibid.
812 864 880 929 Π
937 887 1006 955 p.
1055 858 1176 949 553
1241 859 1409 927 adde
1450 857 1630 949 qnod
1669 856 1911 950 Argivi
1953 856 2320 924 communis

102 967 767 1062 Peloponnesiorum
805 964 1096 1033 foederis
1135 974 1434 1056 expertes
1475 985 1515 1029 a
1554 960 1964 1054 reliquorum
2003 982 2319 1027 commer-

104 1071 227 1140 cio
278 1070 718 1160 sejunctim-es
762 1078 969 1135 erant.

297 1267 714 1337 Difficillima
775 1268 1076 1360 quaestio
1152 1276 1255 1334 est
1324 1266 1409 1334 de
1480 1265 1850 1358 antiquiore
1910 1268 2322 1361 Delphorum

110 1372 452 1457 ffinleetu5
502 1394 671 1462 quae
711 1395 861 1438 cum
903 1371 1159 1463 reliqua
1191 1368 1445 1437 Doride
1490 1371 1987 1461 septentrionali
2029 1373 2113 1440 ab
2154 1371 2322 1464 ipsis

111 1476 421 1566 Delphis
477 1474 842 1541 recentiore
897 1486 1191 1564 tempore
1240 1474 1543 1565 adoptata
1598 1473 1852 1542 duabus
1904 1476 2325 1568 potissimum

109 1578 335 1644 rebus
396 1577 613 1644 differt
635 1623 657 1661 ,
721 1576 1006 1668 primum
1070 1577 1470 1666 syllabarum
1533 1576 1828 1643 finalium
1883 1580 2324 1671 correptione,

117 1680 378 1748 deinde
451 1679 680 1747 tertiae
750 1679 1029 1770 pluralis
1091 1679 1622 1770 imperativorum
1691 1681 2153 1749 terminatione
2213 1708 2322 1748 ων.

118 1781 397 1869 Quodsi
421 1795 773 1874 utrumque
794 1781 1234 1873 §Cretensibus
1276 1803 1620 1849 commune
1660 1780 1876 1848 fnisse
1917 1784 2328 1869 memineris,

116 1885 331 1954 facile
372 1908 459 1951 co
503 1885 871 1964 delaberis,
936 1895 1010 1950 ut
1046 1908 1195 1952 eum
1234 1883 1523 1951 Miillero
1564 1883 1731 1950 Dor.
1776 1883 1810 1948 1
1865 1908 1936 1974 p.
1977 1884 2146 1969 210,
2207 1885 2328 1975 qui

123 1990 277 2056 sola
353 1987 584 2077 hymni
656 1988 728 2054 in
803 1986 1190 2076 Apollinem
1255 1985 1572 2075 Pythium
1634 1986 2003 2053 narratione
2066 1987 2324 2073 nititur,

124 2089 468 2158 Creticam
510 2089 835 2157 coloniam
878 2087 1178 2179 Delphos
1219 2088 1604 2178 pervenisse
1648 2089 1902 2155 credas.
2007 2088 2104 2156 At
2160 2090 2325 2157 anti-

125 2193 482 2284 quissimis
524 2192 597 2259 id
640 2190 1047 2282 temporibus
1088 2192 1296 2258 multo
1337 2203 1488 2257 ante
1531 2190 1985 2280 migrationem
2013 2192 2328 2259 Doricam

122 2298 385 2363 factum
444 2294 820 2361 existimare
877 2303 1242 2383 oporteret3
1315 2303 1589 2383 utraque
1644 2316 1800 2360 vero
1861 2294 2124 2364 dialecti
2177 2319 2328 2385 pro·
2463 2308 2474 2319 '

125 2398 386 2490 prietes
427 2397 573 2484 ejus
619 2396 881 2486 generis
926 2406 1063 2479 est,
1119 2406 1194 2461 ut
1232 2418 1367 2461 non
1411 2419 1450 2461 e
1495 2417 1745 2461 summa
1788 2397 2174 2489 antiquitate
2220 2422 2329 2465 su-

128 2512 395 2595 perstes
435 2499 647 2568 videri
692 2500 919 2590 possit.
1009 2499 1354 2567 Praeterea
1397 2511 1673 2589 utraque
1715 2523 1848 2565 non
1889 2502 2111 2567 minus
2151 2500 2327 2567 The-

128 2604 313 2670 raeis
365 2603 734 2670 communis
784 2614 920 2685 est,
987 2600 1231 2692 quibus
1291 2600 1634 2668 arctiorem
1690 2625 1838 2669 cum
1896 2600 2327 2670 Cretensibus

134 2717 206 2773 et
244 2704 532 2794 Delphis
586 2703 1043 2793 cognationem
1100 2703 1285 2771 nullo
1340 2703 1537 2771 titulo
1601 2702 1936 2773 vindicare
1990 2705 2185 2790 licet,
2256 2715 2332 2770 ut

134 2808 516 2876 omittamus
570 2830 687 2873 eos
737 2806 1060 2897 populos,
1128 2805 1246 2896 qui
1303 2804 1614 2873 alterutra
1666 2805 1774 2872 usi
1831 2815 2007 2873 sunt.
2095 2806 2333 2897 Itaque

133 2910 334 2978 illum
374 2908 643 2997 linguae
685 2917 1074 2976 concentum
1117 2930 1274 2975 casn
1318 2918 1542 2974 natum
1601 2907 1892 2975 arbitrati
1912 2956 1935 2994 ,
1999 2909 2328 2998 quomodo

133 3013 387 3079 factum
444 3011 533 3077 sit
547 3057 570 3094 ,
636 3023 711 3077 nt
765 3009 1173 3101 antiquiores
1210 3007 1460 3100 Delphi
1513 3009 1706 3077 illum
1756 3010 1828 3079 in
1870 3011 2138 3078 modum
2178 3033 2329 3077 cnm

129 3113 377 3183 vicinis
420 3111 869 3205 discreparent
884 3160 907 3198 ,
962 3111 1267 3201 ignorare
1308 3136 1434 3180 nos
1475 3112 1778 3180 fatemur.

306 3309 587 3377 Unicam
639 3310 781 3377 fere
838 3332 978 3375 rem
997 3355 1021 3392 ,
1110 3333 1240 3400 qna
1295 3308 1613 3376 insularis
1669 3308 1872 3377 Doris
1923 3311 2232 3379 universa
2290 3337 2330 3380 a

130 3411 396 3504 reliqua
455 3412 716 3480 mitiore
771 3411 1024 3479 Doride
1087 3410 1523 3500 distinguitur
1541 3459 1563 3495 ,
1625 3413 1954 3481 vocalium
2009 3438 2075 3480 εο
2133 3414 2205 3481 in
2265 3439 2333 3480 ευ

133 3515 754 3606 conjungendarum
797 3536 1081 3581 amorem
1136 3537 1174 3580 a
1227 3513 1467 3580 vicinis
1508 3515 1788 3583 Ionibus
1845 3526 2182 3606 acceptum
2236 3516 2327 3582 vi·

135 3618 283 3686 deri
346 3616 868 3708 significavimus
930 3617 1170 3709 idque,
1245 3617 1306 3683 si
1368 3639 1569 3708 supra
1625 3629 1804 3685 recte
1848 3618 2327 3704 judicavimus,

132 3719 317 3810 apud
376 3719 679 3788 Rhodios
737 3719 1003 3812 quidem
1054 3743 1189 3785 non
1240 3727 1391 3785 ante
1431 3718 1735 3808 quintum
1778 3718 2133 3784 saeculnm.
2223 3719 2333 3785 In·

134 3821 361 3914 signis
415 3821 687 3914 linguae
736 3821 918 3894 ‚inter
979 3820 1280 3911 singulas
1339 3819 1593 3885 insulas
1634 3819 1909 3886 varietas
1948 3818 2022 3886 in
2064 3844 2142 3888 eo
2185 3822 2333 3912 ipso

134 3922 649 4014 explicationem
693 3924 927 4008 habet,
993 3922 1172 4014 qnod
1212 3920 1476 3987 insulae
1519 3921 1900 4011 quotidiano
1942 3924 2333 3991 commercio

131 4025 512 4115 prohibitae
557 4024 820 4092 facilius
860 4026 1038 4092 leves
1081 4021 1404 4091 sermonis
1449 4022 1851 4091 differentias
1896 4026 2003 4092 vel
2046 4026 2335 4117 gignunt

137 4127 252 4196 vel
305 4128 555 4195 fovent.
658 4126 1037 4194 Rhodiacae
1091 4125 1358 4193 dialecti
1408 4125 1810 4217 proprietas,
1880 4128 2202 4194 vocalium
2263 4153 2329 4194 εο

137 4230 592 4301 contractione
660 4238 929 4320 excepta
951 4276 974 4315 ,
1061 4252 1099 4295 a
1176 4225 1461 4297 colonis'
1505 4228 1905 4299 Gelensibus
1972 4241 2039 4299 et
2097 4233 2331 4299 horum
