2875 5000
646 422 710 515 §.
750 422 874 500 42.
944 423 1059 496 De
1103 422 1614 523 conjugatione
1635 425 2011 500 anomala.
2282 420 2435 501 347

222 633 555 701 Doricum
600 657 748 700 esse
783 633 1073 699 ‘traditur
1101 631 1204 719 8),
1268 641 1335 698 et
1377 634 1658 699 fortasse
1700 635 1955 698 κλαῖσαι
1996 632 2043 698 i.
2093 655 2152 700 e.
2202 636 2435 713 κλᾷσαι

221 738 408 825 apud
449 737 898 826 Hesychium,
965 734 1083 801 ubi
1146 758 1321 801 nunc
1375 740 1600 815 κλᾷξαι
1642 758 1678 799 e
1720 734 1980 801 Masuri
2023 735 2433 801 correctione

221 839 364 903 vid.
413 838 479 921 ξ.
528 840 653 921 11,
698 840 764 906 2.
854 835 1285 903 Recentiores
1330 843 1366 914 ζ
1406 838 1836 921 addiderunt,
1906 838 2076 902 sicut
2121 837 2312 903 etiam
2360 838 2433 902 in

220 940 494 1029 vulgari
552 940 782 1030 lingua
841 941 1205 1007 recentiore
1263 938 1510 1027 κλῄζειν
1570 938 1897 1029 reperitur
1951 937 2084 1004 vid.
2131 938 2430 1004 Lobeck.

226 1042 315 1108 ad
357 1043 613 1108 Buttm.
661 1043 728 1107 11
784 1066 848 1132 p.
892 1043 1044 1110 221.
1137 1041 1240 1107 Eo
1279 1042 1612 1130 pertinent
1651 1040 1974 1129 Hesyebii
2019 1041 2242 1129 glossa
2287 1067 2434 1104 κα-

226 1143 702 1223 τεκλάζετο,
771 1142 1166 1211 Theocritea
1207 1148 1411 1225 κλαξῷ
1453 1143 1598 1227 vl,
1642 1144 1740 1230 32ᾖ
1790 1144 1996 1232 (quod
2039 1165 2121 1209 ex
2163 1143 2433 1231 optimis

226 1246 429 1314 libris
472 1270 595 1335 pro
637 1250 854 1311 κλασῶ
896 1248 1002 1314 vel
1046 1249 1260 1329 κλᾳσῶ
1318 1231 1730 1335 rescriptum¹
1769 1244 1897 1330 est)
1959 1244 2309 1322 ἄπόκλαξον
2367 1256 2436 1311 et

228 1347 599 1424 ἆποκλάξας
632 1347 796 1431 XV,
825 1347 934 1415 43.
964 1350 1071 1417 77.
1164 1347 1534 1415 Scholiasta
1578 1343 2014 1416 Theocriteus
2057 1348 2221 1421 (vid.
2250 1348 2314 1431 ξ.
2354 1348 2436 1414 19

225 1462 374 1516 not.
426 1450 580 1533 10),
646 1450 765 1539 qui
824 1462 889 1518 et
944 1455 1163 1532 κλᾳσαῒ
1219 1462 1285 1519 et
1325 1456 1534 1533 κλᾳξαῖ
1575 1449 1823 1516 Dorica
1868 1474 2018 1517 esse
2061 1450 2298 1530 tradit,
2365 1449 2434 1513 in

223 1556 358 1619 hoc
405 1575 612 1643 aeque
654 1552 788 1618 iota
831 1551 1160 1618 subscribi
1195 1553 1409 1641 jubet.
1502 1552 1850 1618 Librorum
1896 1562 2113 1617 tamen
2157 1551 2435 1617 auctori-

227 1665 331 1720 tas
378 1655 626 1744 ubique
669 1665 997 1745 repugnat
1036 1677 1159 1720 nec
1202 1655 1462 1734 minus,
1537 1654 1606 1720 id
1665 1655 1843 1746 quod
1897 1678 2073 1721 nunc
2118 1653 2439 1741 intelligi·

235 1782 422 1841 muS,
488 1757 805 1824 credibile
850 1768 986 1842 est,
1054 1758 1129 1824 in
1193 1755 1398 1832 κλάζω
1459 1758 1542 1822 ab
1601 1756 1766 1847 ipsis
1809 1755 2257 1824 Doriensibus
2302 1757 2438 1822 iota

187 1860 555 1926 -omissum
600 1883 745 1940 esse
807 1884 999 1950 quam
1065 1859 1135 1924 in
1190 1860 1405 1945 χρῄζω
1462 1859 1600 1924 vid.
1663 1863 1727 1945 ξ.
1776 1862 1898 1943 22,
1947 1860 2031 1942 7,
2099 1858 2210 1924 vel
2265 1884 2303 1922 v
2364 1859 2437 1923 in

228 1959 417 2037 πάζω
459 1986 583 2052 pro
625 1961 808 2026 παύω
851 1962 991 2029 vid.
1036 1963 1103 2046 ξ.
1128 1963 1235 2048 35,
1271 1964 1333 2028 1.
1427 1960 1735 2028 Ceterum
1780 1963 2220 2039 conferantur,
2268 1984 2435 2051 quae

230 2064 714 2155 disputavimus
757 2064 822 2148 ξ.
872 2066 993 2149 11,
1036 2064 1082 2131 2
1126 2074 1193 2130 et
1233 2064 1298 2147 ξ.
1347 2062 1470 2143 19,
1515 2065 1579 2131 6.

412 2195 449 2231 κ
468 2168 643 2245 λε’ω,
694 2165 981 2257 Lysistr.
1012 2166 1179 2235 1299
1210 2169 1437 2252 Media,
1469 2166 1716 2233 rectius
1746 2167 1947 2231 κλέωα
1977 2165 2025 2230 i.
2051 2188 2109 2230 e.
2145 2165 2435 2230 κλεόυσα.

411 2269 749 2350 (κλύω),
817 2270 999 2338 Pers.
1061 2270 1362 2359 imperat.
1427 2269 1680 2335 κε’κλυκε
1739 2268 1912 2359 apud
1967 2269 2434 2360 Epicharmum

230 2371 374 2438 vid.
423 2366 485 2460 ξ.
532 2374 614 2440 41
674 2382 811 2438 not.
864 2373 925 2437 1.

412 2477 579 2538 κοῶ
620 2474 862 2566 Epieb.
914 2475 997 2542 19
1038 2472 1171 2540 vid.
1220 2472 1285 2557 ξ.
1330 2469 1452 2557 10,
1499 2473 1564 2541 8.

409 2579 832 2665 κρέμαμαι.
936 2576 1141 2667 Apud
1200 2577 1666 2644 Archimedem
1734 2577 1816 2642 de
1878 2574 2129 2659 Quadr.
2198 2573 2433 2640 Parab.

231 2703 304 2768 p.
350 2679 453 2746 20
500 2704 688 2770 seqq.
756 2704 949 2770 saepe
1005 2678 1281 2769 repetita
1321 2679 1638 2769 leguntur
1680 2676 2058 2762 κρεμάμενος
2100 2687 2165 2742 et
2205 2677 2441 2763 κρεμά-

237 2791 429 2867 σθω,
472 2796 593 2871 pro
634 2782 760 2849 boc
804 2782 978 2848 haud
1021 2802 1169 2848 raro
1212 2784 1590 2872 perfectum„
1618 2780 2031 2867 κεκρεμάσθω
2067 2779 2264 2845 modo
2292 2779 2437 2844 sine

232 2884 558 2950 librorum
617 2884 926 2951 dissensu
980 2897 1316 2976 receptum
1379 2896 1481 2951 est
1536 2886 1732 2952 modo
1785 2884 1857 2949 in
1914 2883 2091 2948 varia
2150 2883 2437 2949 lectione
2483 2874 2488 2883 ⁴

237 2997 596 3052 enotatum.
686 2986 780 3052 At
838 3012 1041 3079 quum
1097 2985 1476 3072 κρεμάμενος
1518 2987 1590 3052 iu
1637 2987 2002 3076 perfectum
2049 2985 2287 3051 mutari
2324 3010 2438 3055 nc·

237 3099 478 3178 queat,
543 3089 886 3175 κρεμάσθω
930 3090 1152 3158 verius
1197 3090 1457 3156 videtur
1499 3114 1695 3181 quam
1739 3087 2177 3177 κεκρεμάσθω.

411 3211 694 3294 κρίνω,
742 3210 908 3276 Aor.
958 3211 991 3275 I
1035 3236 1104 3300 p.
1154 3209 1708 3300 ἕκρῖθηνΕΡὶοΙι.

406 3328 814 3415 λαγχάνω,
859 3329 1023 3396 Aor.
1071 3329 1163 3395 II.
1212 3328 1453 3414 ἔλαχον.
2306 3416 2313 3425 ὑ

338 3491 345 3495 -
407 3448 822 3531 λαμβάνω,
869 3449 1101 3513 Futur.
1147 3451 1470 3532 λαψοῦμαι
1512 3447 1755 3539 Epich.
1806 3450 1925 3533 19,
1973 3432 2138 3515 Aer.
2186 3446 2433 3531 ἔλαβον,

235 3550 422 3616 Perf.
472 3552 694 3635 εἴλαφα
737 3549 945 3615 Phoc.
997 3550 1080 3616 73
1121 3561 1187 3615 et
1225 3549 1524 3615 Archim.
1555 3597 1577 3634 ,
1618 3552 2089 3636 μεταλελάβηκα
2130 3549 2430 3631 Archim.

235 3651 451 3719 Aren.
508 3678 577 3743 p.
628 3654 750 3720 331
774 3704 792 3730 ,
819 3636 1038 3718 ’Perfi
1089 3652 1280 3745 Subj.
1329 3655 1614 3737 εἴλαμμαι
1655 3665 1720 3719 et
1762 3655 2061 3738 λε’λαμμαι
2101 3652 2433 3734 Archim.„

236 3754 406 3822 Aor.
458 3755 491 3819 1
529 3780 597 3845 p.
641 3754 949 3837 ἕλάφθην.

409 3873 638 3956 λέγω,
684 3874 848 3940 Aor.
898 3873 991 3938 II.
1038 3900 1107 3964 p.
1156 3873 1426 3957 dosie'ynv
1463 3850 1679 3940 ‘Cretb
1726 3873 1862 3941 vid.
1915 3876 1973 3957 ξ.
2021 3873 2154 3956 39,
2197 3872 2265 3938 6.

409 3995 554 4075 λῶ,
609 3994 834 4079 volo,
902 3993 1242 4083 antiquum
1283 3991 1555 4059 verbum
1598 4018 1636 4059 a
1678 3991 2121 4060 Doriensibus
2165 3989 2432 4084 potissi-

241 4116 418 4159 mum
464 4106 815 4180 servatum,
862 4096 1057 4184 cujus
1099 4097 1223 4161 hae
1260 4094 1509 4162 formae
1550 4097 2007 4189 reperiunturz

542 4213 770 4280 Praes.
819 4215 1098 4280 indicat.

409 4315 583 4403 sing.
637 4318 699 4382 1.
748 4319 837 4381 λῶ
878 4316 1162 4405 Lysistr.
1207 4317 1373 4402 981,
1420 4318 1510 4384 cf.
1557 4317 1852 4408 Hesyeh.
1902 4322 2034 4396 λῶ,
2081 4316 2267 4382 θέλω.
