2875 5000
2101 268 2200 305 aa*

651 441 718 535 §.
768 437 894 520 47.
1000 442 1140 516 De-
1166 439 1513 514 universa
1561 437 1860 515 Doride.
2200 438 2351 516 w

150 647 351 732 licet,
397 645 695 714 Boeotia.
748 684 834 701 --
920 647 1000 712 In
1043 645 1488 714 declinatione
1531 654 1829 711 notamus
1874 643 2165 715 dativum
2205 649 2353 740 plu-

152 750 363 817 ralem
404 748 639 815 tertiae
694 748 770 816 ia
830 773 972 814 εσσι
1030 760 1377 817 exeuntem
1395 796 1417 833 ‚
1488 758 1684 838 qm
1723 747 1926 815 Doris
1971 759 2039 815 et
2077 759 2360 840 uta-aque

147 851 391 918 Aeolis
435 875 517 915 ex
561 850 946 942 antiquitate
990 861 1383 942 acceperunt
1398 898 1420 934 ‚
1479 850 1722 916 deinde
1761 850 2024 917 Atticae
2066 850 2356 919 declina-

150 951 363 1020 tionis
396 975 633 1019 vocum
674 953 748 1018 in
792 979 853 1030 ις
894 965 962 1020 et
1003 978 1105 1029 ευς
1144 955 1483 1020 horrorem
1528 952 1771 1019 iisdem
1801 974 2235 1020 communem.
2268 996 2354 1010 -—-

153 1056 233 1121 ln
277 1055 790 1145 pronominibus
832 1055 1299 1147 personalibus
1341 1054 1516 1145 apud
1558 1054 1775 1122 Dores
1819 1063 1887 1120 et
1925 1054 2212 1123 Boeotos
2253 1082 2358 1126 re-

152 1156 505 1247 periuntur
560 1156 840 1245 genitivi
897 1158 1266 1247 singulares
1328 1155 1402 1222 in
1459 1182 1528 1234 ς,
1597 1167 1671 1223 ut
1728 1159 1948 1241 ἐμοῦς,
2028 1170 2094 1224 et
2152 1160 2369 1228 dativi*

156 1258 539 1347 singulares
595 1258 669 1324 in
726 1284 808 1324 w.
924 1259 1388 1327 Nominativus
1441 1259 1617 1347 apud
1660 1258 1928 1326 eosdem
1965 1269 2032 1325 et
2072 1259 2355 1328 Lesbios

150 1361 224 1429 in
271 1386 341 1438 ες
384 1362 522 1428 exit
583 1360 776 1440 (Dor.
823 1360 1057 1428 Boeot.
1104 1363 1290 1446 ἁμές,
1359 1362 1568 1428 Lesb.
1616 1360 1836 1445 ἄμμες)
1855 1407 1877 1437 ,
1945 1364 2360 1433 accusativus

153 1465 229 1531 in
275 1490 305 1530 ε
350 1465 547 1547 (Dor.
594 1473 660 1531 et
700 1464 815 1531 vix
850 1463 1047 1531 aliter
1086 1462 1402 1530 Boeotice
1449 1463 1603 1544 ἆμέ,
1671 1462 1879 1530 Lesb·
1929 1463 2143 1551 ἄμμε).
2230 1467 2359 1533 Ar-

150 1567 403 1634 ticulns
470 1589 622 1632 cum
684 1565 1217 1632 demonstrativis
1281 1565 1388 1631 ὅδε
1447 1576 1514 1632 et
1579 1562 1764 1642 οὗτος
1820 1565 1894 1631 in
1957 1566 2364 1638 nominativo

154 1669 405 1761 plurali
450 1668 626 1758 apud
665 1667 885 1734 Dores
928 1679 993 1734 et
1033 1667 1324 1735 Boeotos
1366 1665 1712 1755 antiquum
1752 1694 1786 1731 τ
1826 1681 2080 1754 servat,
2142 1671 2364 1738 relati-

159 1796 314 1839 vum
358 1772 432 1836 in
475 1770 713 1837 iisdem
760 1780 828 1838 et
868 1769 939 1840 in
984 1769 1313 1838 Lesbiaca
1357 1769 1637 1837 dialecto
1679 1796 1714 1834 τ
1754 1770 2076 1841 asciscere
2115 1784 2355 1863 potest.

157 1872 402 1940 Doridi
446 1872 713 1964 propria
760 1882 915 1939 sunt
959 1871 1467 1940 demonstrativa
1527 1876 1748 1958 τῆνος,
1815 1879 2128 1954 τοσσῆνος
2180 1887 2247 1942 et
2301 1876 2362 1942 si

159 2000 288 2067 qua
350 1977 619 2042 fuerunt
676 1975 963 2058 similia,
1027 1975 1406 2042 reflexivum
1466 1974 1810 2054 αὐταυτοῧ,
1887 1976 2069 2067 quod
2123 1988 2226 2044 est
2280 2002 2364 2044 ex

159 2075 354 2198 “prag
398 2076 590 2143 αὐτοῦ
630 2078 899 2143 factum.
946 2118 1029 2130 —
1117 2078 1197 2143 In
1243 2078 1722 2173 conjugatione
1755 2077 2004 2147 Dorica
2049 2077 2281 2148 nihil
2261 2104 2360 2144 ιιι·

156 2179 428 2271 signius
473 2192 572 2247 est
614 2204 810 2270 quam
855 2177 1064 2247 futuri
1104 2179 1286 2246 ratio
1345 2202 1464 2264 ea,
1533 2204 1703 2270 quae
1741 2191 1894 2272 post
1943 2206 1984 2247 σ
2023 2181 2265 2249 inserit
2305 2206 2372 2262 e„

154 2281 225 2348 in
268 2281 481 2350 variis
524 2281 789 2350 dialecti
828 2281 1185 2370 generibus
1228 2281 1706 2353 diversissimis
1752 2284 1923 2351 illud
1964 2285 2180 2352 modis
2219 2308 2362 2352 mu·

160 2395 366 2451 tatum
413 2382 517 2470 (ἓ
561 2385 683 2469 35,
733 2385 774 2449 3
819 2397 886 2450 et
927 2383 992 2467 ξ.
1041 2383 1192 2467 26),
1247 2407 1377 2475 qna
1420 2385 1811 2451 formatione
1854 2386 2174 2455 Doridem
2211 2410 2364 2479 pro-

156 2487 316 2580 pius
378 2511 605 2578 quam-
634 2486 928 2578 reliquas
990 2487 1302 2555 dialectos
1361 2487 1446 2555 ad
1501 2486 1785 2578 priscam
1839 2488 2138 2581 linguam
2183 2512 2365 2557 accc·

161 2590 322 2657 dere
353 2590 739 2676 docuimns3
782 2592 1002 2656 futura
1037 2591 1290 2682 passivi
1333 2592 1402 2658 in
1435 2590 1691 2660 Doride
1722 2592 2010 2682 genuina
2039 2591 2366 2677 objectiva

161 2693 373 2760 forma
416 2692 514 2757 uti
557 2692 886 2758 videntur.
979 2692 1035 2758 E
1082 2692 1521 2760 remotissima
1565 2705 1772 2760 aetate
1802 2693 2090 2760 manavit
2114 2693 2376 2785 primae²

157 2818 489 2886 personae
530 2795 808 2885 pluralis
852 2794 1225 2888 terminatio
1269 2819 1378 2877 μες
1419 2794 1660 2861 Doridi
1704 2796 2010 2887 propria,
2076 2819 2199 2862 nec
2243 2794 2364 2862 mi-

158 2922 288 2964 nus
332 2896 567 2963 tertiae
618 2896 901 2988 pluralis
957 2896 1331 2963 terminatio
1389 2924 1520 2976 νει,
1589 2922 1787 2988 quam
1842 2899 2135 2966 notiores
2189 2908 2368 2964 certe

162 2999 434 3067 dialecti
476 3010 809 3066 mutarunt
850 2999 1023 3081 (Att.
1052 3000 1201 3065 Ion.
1234 2998 1519 3083 λέγουσι,
1565 2998 1775 3065 Lesb.
1809 3001 2081 3094 λε’γοιᾳι,
2125 3000 2361 3068 Bocot.

161 3102 451 3186 λε’γονθι,
514 3095 686 3170 Dor.
734 3099 1016 3186 λέγοντι).
1128 3100 1404 3167 Brevior
1464 3100 1694 3168 tertiae
1737 3103 2013 3192 pluralis
2056 3104 2366 3196 praeteri-

164 3213 384 3270 torum
442 3202 934 3294 conjugationis
992 3202 1065 3267 in
1124 3228 1195 3282 μι
1257 3202 1468 3268 forma
1532 3227 1740 3294 aeque
1802 3205 2072 3295 antiqua
2135 3203 2361 3294 (ἔγνον,

165 3307 531 3383 ἔδίκασθεν)
587 3306 917 3371 Aeolihus
961 3303 1328 3370 communis
1373 3314 1496 3396 est.
1615 3305 1941 3392 Ejusdem
2000 3307 2368 3375 infinitivus
2421 3333 2427 3338 ·

163 3406 237 3473 in
281 3432 395 3491 μεν
440 3407 576 3473 exit
619 3408 791 3498 apud
834 3429 1066 3474 omnes
1113 3405 1481 3474 Dorienses
1526 3408 1819 3498 exceptis
1862 3407 2190 3495 Rhodiis,
2249 3412 2367 3500 qui

164 3509 691 3577 terminationem
751 3509 821 3576 in
880 3534 1015 3591 μειν
1067 3509 1485 3599 producunt3
1547 3509 1664 3577 illa
1724 3510 1892 3579 ratio
1951 3536 2084 3578 non
2147 3513 2368 3579 minus

166 3611 484 3680 Boeotica
528 3623 652 3680 est.
742 3611 1087 3704 Participii
1129 3612 1406 3703 perfecti
1448 3611 1755 3680 feminini
1784 3615 2192 3699 terminatio,
2238 3638 2372 3703 qua

167 3714 751 3805 antiquior·.Doris
791 3716 1099 3782 universa
1141 3740 1260 3781 usa
1302 3738 1452 3781 esse
1492 3714 1791 3799 videtur,
1852 3737 1984 3780 una
2032 3739 2181 3781 cum
2223 3716 2369 3783 vul·

171 3816 315 3906 gari
375 3818 483 3880 υἷα
541 3815 874 3883 et'Ionica
932 3819 1036 3883 οἷα
1095 3839 1132 3882 e
1175 3815 1325 3881 rudi
1367 3816 1646 3905 quadam
1686 3816 1918 3906 prisca‘
1947 3817 2213 3906 prodiit.
2307 3817 2364 3884 E

167 3916 394 3986 verbis
451 3919 929 4007 irregularibus
987 3928 1055 3984 et
1114 3916 1460 3984 defectivis
1518 3917 1797 3985 maxime
1855 3930 2159 3986 notamus
2207 3945 2369 3987 non-

168 4021 361 4087 nulla
405 4015 642 4108 Doridi
700 4029 810 4086 ant
858 4019 1125 4111 propria
1167 4030 1278 4085 aut
1318 4043 1475 4116 prae
1519 4020 1793 4111 reliquis
1840 4021 2139 4112 dialectis
2183 4024 2369 4091 fami-

168 4121 400 4216 liariat
430 4175 435 4178 a
468 4121 815 4204 ’ὃήλεσθαι,
870 4123 1166 4200 oasam,
1224 4125 1533 4201 θῶσθαι,
1595 4125 1803 4206 ἴσαμι,
1866 4127 2019 4203 λῆν,
2065 4127 2368 4208 μῶσθαι,

165 4224 538 4314 πάσασθαι.
655 4225 985 4311 Quorum·
1013 4248 1215 4313 quum
1256 4225 1568 4314 pleraque
1611 4248 1649 4291 e
1675 4247 1940 4322 summa
1982 4226 2370 4314 antiquitate

169 4327 413 4395 tradita
457 4352 664 4420 eaque
707 4330 855 4420 ipsa
888 4326 969 4393 de
1005 4349 1199 4393 causa
1226 4349 1265 4392 a
1296 4326 1588 4418 reliquis⁴
1607 4327 1906 4397 dialectis
1933 4349 2072 4393 non
2098 4327 2370 4396 omnino
