2875 5000
782 462 898 540 Aa
948 459 1273 537 Librum
1325 459 1692 544 Primum.
2176 439 2351 539 sss

311 670 513 760 Pag.
557 671 682 738 211
761 670 813 736 l.
859 670 925 738 5.
1060 666 1501 734 confirmatur
1563 665 1822 733 άνέθιαν
1877 690 1917 731 a
1960 666 2210 735 Lesbio
2266 680 2335 734 ct

106 771 317 840 idem
362 771 607 861 legitur
641 772 719 840 in
758 770 954 840 titulo
995 770 1194 836 Ptoio
1235 768 1384 836 Ulr.
1428 793 1497 858 p.
1529 769 1681 836 247.
1770 768 2091 837 Nohmns
2138 770 2330 838 etiam

106 876 379 958 πρίασο
424 899 548 964 pro
589 874 846 963 vulgari
887 877 1052 958 πρίω
1095 871 1387 938 Acbarn.
1433 870 1587 937 836.

309 978 505 1067 Pag.
547 978 679 1046 212
718 978 769 1044 l.
807 977 911 1044 19.
1001 976 1081 1041 In
1124 972 1448 1062 Hesycbii
1493 972 1720 1040 codiee
1762 982 1864 1040 est
1908 976 2066 1040 σεῒα.

314 1080 373 1144 Ρ
391 1101 511 1166 ag.
556 1080 688 1148 213
738 1079 789 1145 l.
837 1078 903 1145 7.
993 1074 1304 1166 Suspicio
1350 1086 1574 1144 nostra
1619 1075 2033 1142 confirmatur
2076 1077 2333 1168 Copcn-

107 1181 228 1247 sis
280 1180 477 1249 .tituli
533 1182 820 1249 frustula
875 1179 1025 1247 Uir.
1083 1204 1153 1271 p.
1201 1179 1334 1246 247
1385 1182 1484 1244 τοὶ
1529 1176 1967 1264 ἀπεγράψαντο
2012 1181 2084 1262 ἐμ
2124 1190 2335 1248 πελτο-

110 1309 377 1369 φοράς.

311 1421 398 1434 —-
456 1408 577 1453 nr.
623 1384 688 1450 3.
778 1381 1061 1449 Accedit
1101 1379 1372 1458 ἔππασις
1415 1382 1607 1449 Curt.
1652 1406 1756 1447 nr.
1798 1382 1865 1449 7.

315 1488 509 1576 Pag.
556 1487 688 1556 214
747 1485 872 1572 ini
886 1496 937 1551 t.
1024 1484 1353 1550 Addimus
1395 1484 1507 1551 hic
1551 1485 1632 1550 dc
1675 1483 2067 1552 Boeotorum
2111 1486 2337 1553 adver-

117 1590 281 1658 biis
321 1589 636 1679 quaedam
659 1636 682 1673 ,
728 1612 899 1680 quae
941 1587 1160 1655 omnia
1202 1588 1344 1653 fere
1386 1610 1471 1654 cx
1505 1585 2052 1655 Acharnensibus
2095 1613 2340 1681 cogno-

124 1703 447 1762 scuntur.
533 1692 831 1758 Primum
872 1689 1259 1758 Boeoticum
1301 1691 1505 1768 τῖδε,
1573 1687 1799 1754 ἐνθάδε
1856 1688 2195 1779 Hesychio
2236 1716 2340 1760 re-

131 1794 485 1861 dimimus
524 1815 647 1883 pro
687 1796 856 1858 τίδαι
917 1793 984 1876 §.
1028 1792 1116 1859 40
1167 1802 1307 1858 not.
1351 1793 1418 1860 4.
1550 1789 1745 1858 Justa
1787 1792 2146 1862 mutatione
2189 1796 2260 1862 id
2302 1821 2342 1866 c

131 1895 402 1963 Dorico
442 1897 596 1960 τεῒδε
638 1897 885 1962 factum
928 1917 1076 1961 csse
1118 1905 1405 1984 apparet.
1487 1892 1762 1987 ‚Eodem
1808 1918 2007 1961 sensu
2051 1898 2340 1964 Acbarn.

130 1999 281 2066 869
317 1997 564 2088 legitur
604 2000 790 2079 τᾷδε,
837 1996 1016 2087 quod
1057 1996 1170 2063 vix
1213 1997 1376 2064 ferri
1414 2006 1635 2085 potest
1673 1996 1812 2063 vid.
1859 1997 1944 2064 L.
1990 1997 2060 2063 11
2115 1998 2183 2082 ξ.
2226 2000 2339 2086 44,
2422 2077 2425 2082 ,

129 2100 236 2186 83
306 2099 716 2189 suspicamur
755 2101 911 2166 τεῒδε
952 2097 1269 2189 scriptum
1313 2100 1528 2166 fuisse
1551 2143 1574 2184 ,
1642 2121 1846 2189 quum
1889 2097 2343 2196 diphthongus

134 2225 199 2266 ει
245 2200 320 2267 in
362 2201 890 2270 Acharnensium
929 2200 1263 2268 Bocoticis
1305 2225 1441 2269 non
1484 2211 1790 2269 mutetur.
1893 2202 2228 2271 Adverbia
2271 2205 2346 2272 in

138 2330 182 2385 ᾳ
230 2304 555 2374 rationem
599 2315 665 2370 et
703 2304 969 2371 modum
1016 2302 1373 2370 indicantia
1437 2303 1598 2383 (vid.
1643 2303 1843 2386 ibid.)
1897 2305 2216 2394 leguntur
2254 2312 2347 2390 πᾷ

135 2405 313 2483 861,
374 2416 448 2471 ut
489 2429 527 2474 c
558 2405 858 2474 codicum
903 2407 1029 2472 AB
1072 2406 1358 2474 lectione
1398 2407 1521 2470 παῖ
1556 2430 1679 2495 pro
1718 2409 1812 2472 πᾶ
1852 2408 2114 2475 restitui
2154 2434 2345 2502 opor-

133 2521 282 2593 tet,
325 2508 374 2574 ἱ.
408 2532 477 2598 q.
522 2511 658 2586 πῶς
698 2519 766 2574 et
802 2511 969 2593 ᾇπερ
1015 2510 1064 2575 ἰ.
1102 2533 1162 2577 e.
1211 2510 1413 2595 ὥςπερ
1457 2509 1608 2578 873.
1695 2508 1961 2576 Deinde
2001 2511 2071 2577 iu
2115 2537 2181 2579 v.
2218 2513 2349 2582 850

136 2610 386 2695 ἔκβαθι
423 2613 575 2693 τῷδε
595 2596 1051 2696 ’κήπιχάριτται
1089 2614 1175 2693 τῷ
1215 2613 1386 2697 ξένῳ,
1433 2636 1808 2704 quanquam
1841 2611 2231 2680 Dindorflus
2271 2615 2348 2682 iu

136 2712 443 2783 editione
505 2712 877 2780 oxoniensi
943 2712 1178 2779 durum
1244 2715 1655 2804 hyperbaton
1715 2714 2039 2805 exemplis
2098 2714 2347 2784 Atticis

134 2813 349 2883 tutari
407 2815 627 2882 studet
679 2810 819 2901 (cni
868 2816 968 2882 M.
1013 2815 1343 2904 Hauptius
1383 2817 1458 2882 in
1503 2815 2099 2883 Observationibus
2148 2818 2348 2885 Criti-

138 2919 257 2984 cis
304 2942 374 3008 p.
420 2917 506 2985 56
547 2917 927 2985 adversatus
969 2941 1104 3009 quo
1140 2917 1335 3004 jure,
1400 2942 1776 3011 quanquam
1818 2920 1969 3001 τῷδε
2011 2942 2161 2985 cum
2203 2920 2353 3003 ξένῳ

129 3019 381 3109 jungit
412 3066 435 3104 ,
519 3018 929 3112 hyperbaton
992 3019 1218 3087 inesse
1282 3031 1484 3112 neget
1521 3067 1544 3105 ,
1632 3042 1768 3088 non
1844 3019 2347 3110 intelligimus),

141 3132 348 3189 crunt
387 3131 603 3188 tamen
633 3167 654 3205 ,
725 3121 960 3212 opinor
981 3172 1004 3200 ‚
1070 3122 1310 3213 quibus
1351 3123 1606 3212 placcat
1627 3170 1650 3207 ,
1719 3124 1778 3190 si
1821 3144 1971 3189 cum
2010 3122 2352 3193 Brunckio

139 3225 307 3288 τῶδε
349 3222 719 3290 scribentes
760 3247 896 3292 non
932 3227 1294 3309 σπυριδίου,
1341 3235 1413 3290 ut
1453 3226 1573 3295 ille
1599 3224 1849 3304 voluit,
1898 3226 2351 3316 suppleamus,

143 3324 286 3395 scd¹
330 3324 712 3392 adverbium
765 3348 1234 3414 agnoscamus,
1308 3327 1529 3418 qualia
1574 3338 1732 3394 sunt
1771 3327 1842 3393 in
1889 3327 2169 3396 dialecto
2212 3328 2353 3396 Do-

142 3427 293 3495 rica
332 3427 419 3492 L.
466 3427 536 3493 11
598 3427 666 3511 ἓ.
710 3429 839 3512 44,
884 3428 1011 3514 10,
1075 3427 1123 3493 i.
1171 3452 1231 3493 e.
1277 3429 1500 3497 binc.
1630 3429 1808 3497 Tum
1871 3430 2153 3498 fortasse
2216 3455 2353 3497 non

148 3530 530 3620 spernenda
572 3540 674 3596 est
716 3529 970 3597 codicis
1010 3530 1077 3597 A
1133 3530 1330 3600 lectio
1376 3531 1616 3617 χαμούς
1668 3557 1792 3624 pro
1833 3535 2033 3618 χαμαί
2083 3555 2149 3598 v.
2194 3530 2348 3599 835.

148 3629 343 3712 Quid
385 3632 559 3696 enim
580 3679 602 3716 ,
664 3633 724 3699 si
764 3632 998 3701 Boeoti
1037 3636 1263 3720 χαμοῒς
1310 3633 1632 3719 dixerint,
1693 3644 1769 3700 ut
1796 3634 2163 3700 Dorienses
2207 3635 2354 3709 ποῒς

150 3743 227 3799 et
269 3729 511 3799 similia
554 3734 640 3799 L.
686 3733 754 3809 11
810 3736 874 3817 ξ.
919 3736 1046 3818 44,
1088 3737 1178 3803 7Ἰ
1281 3737 1650 3803 ‚Postremo
1692 3758 1731 3799 a
1775 3722 2158 3801 nominibus
2199 3757 2351 3823 pro-

151 3831 327 3924 priis
372 3832 749 3900 derivantur
800 3836 1074 3918 Θείβαθι
1112 3836 1286 3901 Aah.
1332 3836 1462 3902 834
1483 3884 1508 3920 ,
1565 3834 1886 3901 'Astdvao’
1929 3834 2092 3921 866,
2153 3860 2351 3928 quam

151 3937 432 4005 formam
475 3932 862 4001 Diodorlius
915 3947 1069 4026 post
1121 3936 1520 4022 Elmslcjum
1574 3947 1751 4005 rccte
1807 3960 1845 4003 e
1900 3936 2140 4005 scholii
2187 3939 2351 4008 lem-

156 4047 328 4104 mate
367 4034 650 4111 Ἀθάνας
688 4060 810 4125 pro
850 4035 1155 4116 Ἀθάναις
1194 4038 1521 4123 restitnit,
1583 4063 1786 4130 quum
1831 4039 2023 4106 ctiam
2064 4040 2136 4105 in
2176 4040 2348 4107 Atti-

161 4162 236 4206 ca
277 4138 559 4207 dialecto
618 4139 866 4208 rectius
906 4139 1221 4221 Ἀθήνησι
1262 4165 1457 4233 quam
1501 4140 1740 4230 Ἀθήνῃ
1750 4167 1815 4207 σι
1856 4142 2213 4220 scribatur,
2283 4153 2350 4208 et

169 4242 478 4323 Θείβαθεν
516 4243 667 4311 828.
713 4243 863 4311 877.

323 4343 429 4411 Pa
447 4371 513 4436 g.
558 4346 687 4415 214
743 4369 861 4412 nr.
911 4344 975 4411 1.
1065 4344 1413 4415 Addantur
1457 4345 1863 4423 Καλλιῶνδας
1904 4358 1972 4415 et
2017 4345 2349 4433 [XnJQaiv-
