2875 5000
872 400 991 475 Ad
1043 399 1367 474 Librum
1416 397 1863 475 Secundum.
2144 469 2161 480 ,
2314 393 2469 475 555

246 604 344 669 in
384 603 579 670 titulo
624 602 766 672 Ceo
808 599 1514 720 Ross.11.nr.3·175·
1581 601 1962 685 Αρτεμίτιος
2004 603 2076 670 in
2121 601 2467 676 Calaurea-

241 706 402 776 tito
446 705 621 796 Exp.
668 706 840 773 Mor.

446 809 635 897 Pag.
685 809 770 877 70
829 812 880 877 1.
929 811 994 875 7.
1082 808 1252 896 Leg-
1299 808 1362 891 ξ.
1410 808 1532 891 39,
1581 809 1642 877 5.

441 927 545 994 Pa
567 953 634 1018 g.
680 927 789 995 73.
861 928 1011 993 ‘Pro
1069 928 1333 1014 με’σωρ
1362 973 1384 1011 9
1457 929 1648 1012 μέσος
1691 929 1986 1020 Hesych.
2018 977 2039 1012 9
2109 929 2226 994 ubi
2271 931 2465 1013 με”σορ

252 1031 479 1099 scribi
532 1032 881 1119 jusserunt
903 1077 924 1112 9
1010 1028 1348 1097 literarum
1404 1031 1637 1097 ordine
1696 1033 1895 1100 simul
1953 1032 2259 1100 restituto
2316 1031 2468 1122 lege

255 1136 696 1228 με’σσωρος
722 1179 744 1215 ,
801 1133 1034 1214 μέσος,
1110 1157 1397 1222 quocum
1455 1136 1761 1202 conferas
1823 1136 2116 1227 glossam
2171 1134 2468 1225 proxime

255 1233 764 1303 antecedentem
809 1260 1097 1318 μεσωρον
1141 1234 1762 1325 (1ο3.με’σσωρον),
1833 1238 2043 1319 με’.σον
2156 1236 2470 1303 Ceterum

260 1363 344 1406 ea
389 1362 516 1405 vox
558 1360 694 1405 non
738 1348 883 1421 est,
930 1337 1110 1427 quod
1152 1337 1646 1418 existimarunt,
1693 1365 1733 1405 e
1774 1341 1962 1423 μέσος
2004 1349 2071 1407 et
2107 1339 2246 1472 ὥρα
2289 1355 2470 1404 com-

257 1442 527 1533 posita,
597 1441 714 1507 sed
756 1465 796 1507 e
836 1441 1027 1524 μέσος
1071 1451 1136 1505 et
1176 1440 1329 1526 ὅρος·
1368 1464 1490 1536 pro
1535 1442 1829 1528 με’σορος.
2466 1449 2473 1462 “

438 1563 627 1649 Pag.
675 1559 759 1627 73
822 1583 936 1625 nr.
985 1560 1049 1626 3.
1157 1558 1358 1625 Plura
1422 1560 1624 1647 hujus
1686 1547 1954 1646 generis
2021 1560 2198 1656 apud
2254 1559 2469 1654 Hesy-

266 1664 490 1731 cbium
533 1665 739 1730 latent
760 1710 782 1745 9
843 1669 914 1727 ut
1578 1670 1587 1676 ”
2281 1673 2289 1690 ’·

445 1768 687 1849 μίρμα
747 1767 848 1829 ἐπὶ
902 1763 1018 1830 τοῦ
1058 1769 1445 1844 κακοποτοῧς
1502 1769 1612 1829 καὶ
1655 1769 1946 1853 ῥυπαροῦ
2000 1770 2114 1831 καὶ
2156 1771 2466 1850 πονηροῦ.

272 1868 424 1934 Vox
478 1880 591 1936 aut
647 1892 685 1934 e
741 1870 985 1952 μίαρμα
1032 1869 1081 1933 i.
1127 1887 1192 1933 e.
1241 1870 1483 1950 μίασμα
1526 1879 1830 1958 corrupta
1884 1879 1995 1933 aut
2050 1868 2197 1935 sinc
2242 1892 2472 1935 corru-

264 1971 443 2060 ptela
499 1991 621 2059 per
664 1974 1174 2038 contractionem
1220 1970 1547 2060 quandam
1606 1994 1726 2061 pro
1783 1974 2024 2054 μίασμα
2081 1970 2298 2060 posita
2341 1982 2466 2038 est.

267 2073 636 2163 Cognatam
682 2073 969 2162 glossam
1012 2076 1489 2157 adgnovi-ov,
1553 2076 1736 2156 μῖσος
1792 2074 2167 2165 (corrigunt
2196 2070 2471 2158 μῦσος),

265 2178 509 2258 μίασμα
552 2175 874 2242 extricare
913 2200 1052 2244 non
1089 2176 1411 2243 'valemus-

440 2281 722 2363 μίρεα,
770 2278 1043 2366 λάχανα,
1110 2280 1168 2345 si
1197 2301 1559 2368 comparas
1593 2282 1862 2362 pluat,
1914 2280 2155 2372 λάχανα
2193 2301 2231 2346 e
2275 2282 2473 2363 μὶρκα

268 2383 376 2449 vel
430 2384 653 2465 μίρκαι
698 2394 1079 2473 corruptum
1120 2381 1421 2466 videtur,
1511 2393 1586 2448 ut
1626 2383 1961 2449 Laconica
2004 2407 2135 2450 vox
2180 2397 2330 2448 eum
2375 2386 2475 2465 fai-*⁴

271 2510 421 2572 σχος
467 2484 610 2552 sive
648 2487 876 2569 μίσκος
915 2496 1194 2576 cognata
1238 2485 1511 2574 agnosci
1550 2485 1787 2577 possit.
1854 2483 2038 2552 Nam'
2065 2470 2291 2570 ,αἶσχος
2336 2506 2471 2552 ιιοιι

267 2589 488 2657 minus
531 2612 726 2678 quam
771 2586 998 2663 καυλός
1043 2600 1108 2654 et
1149 2590 1404 2655 caulem
1448 2600 1514 2654 ct
1556 2588 1865 2655 cramben
1908 2587 2407 2678 significaverit.

2247 2709 2347 2743 ΟΜ

437 2760 842 2845 μούρταρ,
918 2758 1119 2836 nol-65⁸.
1190 2803 1273 2812 —-
1365 2758 1741 2846 [μούρτιβοι]
1822 2748 2215 2842 μουστῆαξ
2271 2787 2338 2842 μ.
2385 2799 2471 2811 --

267 2864 631 2948 μούρτιβοι,
695 2866 943 2934 θυσίαι.
1077 2863 1178 2928 lta
1230 2868 1303 2927 in
1362 2861 1590 2928 codice
1647 2863 1808 2928 baec
1866 2863 2106 2928 misere
2165 2873 2470 2952 corrupta

266 2967 607 3058 leguntur.
735 2964 1171 3054 Antiquiores
1214 2965 1609 3054 interpretes
1656 2964 2068 3054 Aegyptiaea
2091 3011 2113 3048 9
2185 2964 2468 3050 Punica,

267 3069 396 3136 alia
437 3067 926 3159 quaesiverunt.
1032 3065 1194 3134 Nos·
1233 3089 1313 3132 eo
1370 3066 1591 3132 minus
1649 3065 2027 3133 dubitamus
2069 3066 2468 3134 Laconicam

159 3216 170 3227 ·
269 3172 622 3239 dialectum
667 3192 1030 3260 agnoscere
1052 3216 1074 3253 9
1150 3168 1328 3260 qnod
1370 3169 1488 3236 illa
1529 3190 1682 3234 cum
1726 3168 1948 3259 glossa
1991 3181 2215 3259 aperte
2256 3170 2468 3237 Laco-

268 3276 415 3342 nica
456 3274 740 3361 μούρκορ
779 3272 1120 3340 literarum
1163 3271 1403 3339 seriem
1443 3271 1735 3338 turbant
1849 3272 2075 3338 Prima
2116 3273 2208 3339 ita
2252 3297 2466 3339 eorre-

266 3378 511 3445 xerim=
576 3376 973 3462 μούρταρ,
1038 3374 1414 3457 μυστιπόλος
1457 3375 1505 3442 i.
1554 3398 1616 3441 e.
1663 3373 1922 3458 μύστης.
2034 3375 2140 3442 De
2184 3374 2465 3464 reliquis

266 3480 589 3550 acutiores
630 3480 918 3548 videant.

434 3584 628 3674 Pag.
677 3585 763 3652 76
815 3583 867 3648 l.
916 3581 1275 3674 24seqq.
1380 3579 1759 3647 Meinekius
1817 3578 1892 3644 in
1934 3575 2163 3642 Anall.
2211 3576 2458 3657 Alexx.

267 3707 331 3772 p.
380 3684 508 3750 247
561 3685 799 3775 probat
838 3683 1266 3749 Valckenarii
1308 3683 1751 3768 conjecturam
1807 3677 1877 3743 in
1914 3677 2286 3746 Alexandri
2330 3680 2463 3748 Ae-

163 3822 168 3829 s
267 3785 387 3853 toli
427 3806 622 3851 versu
667 3784 1082 3874 anapaestico
1106 3830 1128 3868 9
1195 3809 1327 3875 quo
1370 3782 1762 3871 Euripidem
1806 3774 2144 3866 describit9

511 3890 600 3953 Ὃ
663 3886 753 3962 δ’,
789 3884 1211 3973 Ἀναξαγόρου
1273 3885 1585 3972 τρόφιμος
1643 3883 1910 3969 ἀρχαίου
1979 3881 2291 3969 στρυφνός
2351 3888 2461 3967 μὲν

1884 3987 2048 4052 ἔοικε
2109 3990 2462 4071 προςειπεῒν

268 4097 445 4182 χαίου
496 4118 616 4185 pro
673 4092 939 4179 ἀρχαίου
998 4089 1345 4159 scribentis
1388 4101 1454 4156 et
1496 4090 1578 4156 de
1619 4089 1831 4158 nobili
1873 4090 2306 4181 Anaxagorae
2347 4113 2459 4180 ge-

269 4221 423 4265 nere
467 4196 983 4287 interpretantis.
1117 4193 1364 4263 Nescio
1408 4217 1491 4259 an
1549 4192 1794 4259 rectius
1841 4193 2166 4259 scribatur
2208 4195 2457 4278 ῥαχίου,

270 4323 435 4369 nova
476 4322 607 4367 vox
646 4324 684 4366 a
730 4299 927 4386 ῥάχος
973 4299 1200 4379 ducta,
1260 4297 1307 4364 i.
1338 4322 1400 4365 e.
1445 4301 1736 4382 spinosi,
1790 4316 1984 4387 quam
2024 4294 2458 4386 Anaxagorae
