2875 5000
734 471 850 546 Ad
893 469 1220 547 Librum
1265 471 1708 547 Secundum.
2132 470 2316 549 -561

73 672 685 742 commemoranda
726 687 912 742 erant
935 724 959 763 ,
1031 676 1210 768 quod
1248 675 1470 742 omnia
1513 699 1683 767 quae
1723 675 1795 743 iu
1839 697 1975 743 rem
2019 678 2319 769 proposi-

74 787 235 841 tam
283 776 507 842 facere
541 776 946 862 viderentur,
991 800 1346 866 congerere
1384 779 1874 847 constituimus.
1919 819 2002 832 --
2044 779 2320 848 Schnei-

82 877 424 946 <lewinus
483 877 691 968 igitur
744 892 969 947 noster
1019 882 1144 946 hoc
1200 880 1441 946 lubens
1484 882 1863 966 concessit,
1945 883 2318 958 Ἵπποκλέᾶς

81 1004 239 1048 non
283 1003 494 1072 posse
529 981 741 1048 vocali
777 981 1021 1049 Dorice
1064 993 1307 1048 mutata
1349 1007 1431 1048 ex
1458 984 1830 1064 Ἵπποκλὲης
1869 994 2093 1051 uatum
2141 1007 2316 1064 esse,

89 1083 228 1151 sed
284 1106 533 1149 nomen
578 1082 824 1159 Κλεὺας
884 1083 1066 1166 (vide
1109 1084 1394 1175 Papium
1437 1096 1504 1151 et
1543 1086 1721 1153 Keil.
1770 1087 1997 1155 Auall.
2058 1111 2128 1177 p.
2174 1088 2319 1170 71),

89 1185 289 1276 quod
335 1208 463 1275 pro
502 1187 706 1261 Κλεάς
750 1197 969 1268 essct,
1032 1209 1420 1276 comparans
1449 1235 1471 1272 ,
1551 1189 1952 1280 peculiarem
1996 1190 2321 1282 quandam

90 1286 406 1354 nominis
461 1286 916 1353 formationem
976 1288 1267 1377 agnovit.
1382 1287 1565 1355 Tum
1620 1315 1744 1380 ego
1801 1291 2021 1383 ipsum
2079 1315 2322 1357 nomen

95 1390 319 1466 Κλεάς
364 1387 828 1480 suppeditavi,
901 1387 1084 1479 ‘quod
1126 1388 1389 1454 Keilius
1431 1390 1482 1456 l.
1531 1391 1582 1457 l.
1629 1395 1971 1462 verissime
2013 1394 2086 1461 iu
2127 1393 2322 1461 titulo

95 1493 446 1560 Arcadico
491 1516 592 1556 ur.
629 1491 796 1558 1513
838 1489 1126 1557 restituit
1168 1490 1398 1567 (Κλεάς
1452 1494 1750 1577 Θρασεάυ
1790 1517 1913 1583 pro
1955 1498 2324 1571 Κλεασθίας

86 1593 311 1681 ”Εαυ)
359 1606 425 1661 et
466 1593 713 1684 Papius
759 1618 796 1659 e
840 1615 1107 1661 nummo
1134 1593 1362 1660 Attico
1396 1593 1656 1661 Mionn.
1690 1595 1781 1661 ΙΙ.
1831 1618 1900 1684 p.
1931 1597 2058 1663 142
2097 1600 2321 1685 affert,

106 1698 233 1765 scd
276 1697 514 1786 negavi
558 1720 699 1761 eam
741 1695 1313 1782 terminationem,
1396 1720 1567 1788 quae
1622 1697 1693 1762 in
1740 1698 2027 1788 simplici
2070 1723 2322 1765 assum·

105 1814 229 1892 pta
283 1800 373 1865 sit
427 1810 500 1865 ut
553 1798 626 1865 in
682 1799 1025 1883 Θρασέας,
1098 1800 1390 1883 Κρατέας
1451 1810 1518 1865 et
1570 1799 1948 1886 similibus,
2029 1801 2104 1868 in
2146 1825 2321 1867 com·

113 1901 342 1994 posito
385 1902 601 1967 locum
643 1900 904 1967 habere.
1027 1899 1243 1967 Simul
1286 1901 1477 1969 attuli
1518 1899 1957 1986 ’Δριστοκλεάς
1978 1951 2000 1988 ,
2064 1903 2322 1970 Achaei

111 2025 358 2070 nomen
401 2003 473 2069 iu
518 2003 711 2069 titulo
755 2002 946 2069 valde
1002 2002 1252 2069 recenti
1313 2003 1392 2069 C.
1442 2004 1498 2068 Ι.
1564 2027 1668 2069 ur.
1716 2006 1888 2091 812,
1958 2005 2323 2071 Fourmou-

108 2106 312 2173 tianis
371 2116 588 2192 tamen
635 2104 895 2171 schedis
939 2105 1220 2171 multum
1274 2105 1430 2172 fidei
1490 2106 1719 2172 haberi
1773 2130 1912 2174 non
1968 2131 2166 2197 posse
2210 2106 2322 2172 ad·

110 2232 439 2292 monens,
500 2219 565 2274 et
601 2208 964 2290 Ἡρακλέας
1020 2206 1091 2274 iu
1148 2207 1344 2275 titulo
1399 2209 1647 2275 recenti
1688 2209 1916 2276 Attico
1962 2209 2042 2274 C.
2090 2210 2148 2276 Ι.
2212 2234 2317 2275 nr.

113 2311 266 2379 ΒΜ).
314 2311 389 2394 I,
437 2310 558 2396 12,
647 2308 826 2400 quod
889 2332 1128 2375 nomeu
1188 2301 1427 2377 Portae
1483 2312 1774 2378 versanti
1836 2311 2000 2379 mihi
2058 2311 2320 2380 Keilius

114 2413 563 2499 iudicaverat,
637 2435 760 2503 pro
802 2414 928 2480 hoc
971 2411 1403 2502 Pouquevilli
1447 2413 1725 2480 schedae
1763 2414 2098 2499 Ἠρακλᾶς
2137 2438 2322 2505 prae-

114 2517 319 2603 bent,
388 2540 584 2607 quam
627 2518 901 2583 formam
945 2539 1080 2582 non
1122 2514 1343 2582 miuus
1389 2540 1586 2606 quam
1627 2519 1996 2602 Ἠρακλεᾶς
2037 2517 2323 2585 indicavi

118 2644 207 2687 ex
242 2618 771 2706 Ἡρακλεόδωρος
830 2609 1227 2684 decurtatam
1272 2619 1490 2707 putari
1535 2642 1734 2709 posse
1758 2666 1780 2703 ,
1866 2630 1943 2685 ut
1985 2622 2198 2697 Ζηνᾶς
2255 2632 2323 2685 et

118 2726 399 2806 Μητρᾶς
442 2730 597 2788 suut
645 2743 770 2811 pro
813 2718 1189 2804 Ζηνόδωρος
1231 2730 1296 2785 et
1335 2721 1782 2808 ,Μητρόδωρος
1824 2720 1962 2787 vid.
2010 2720 2318 2786 Anecdd.

118 2824 331 2891 Bekk.
375 2848 444 2915 p.
490 2823 641 2892 857.
746 2821 842 2887 At
887 2821 1441 2890 Schneidewiuus
1483 2822 1619 2890 illis
1663 2822 2016 2912 praesidiis
2064 2823 2321 2912 Hippo-

121 2925 329 2994 cleam
374 2926 535 2992 satis
576 2925 821 2992 muniri
861 2936 1046 3005 ratus
1089 2924 1365 3015 insuper
1408 2924 1560 2991 Car.
1607 2925 1795 2990 Frid.
1836 2924 2212 2990 *Hel-manni
2256 2934 2324 2990 et

121 3028 471 3096 Leutschii
494 3074 518 3112 ,
577 3029 976 3115 collegarum
1022 3026 1551 3094 doctissimorum
1576 3073 1598 3112 ,
1645 3050 1974 3093 consensu
2022 3025 2319 3117 gloriari,

126 3131 259 3201 Cui
301 3155 503 3221 quum
545 3128 772 3219 paullo
815 3129 1257 3197 confidentius
1301 3129 1702 3217 respondere
1746 3129 2152 3219 coepissem,
2212 3151 2324 3194 ac·-
2426 3166 2432 3181 =

126 3233 332 3318 cidit,
418 3242 493 3297 ut
533 3230 812 3320 epistola
856 3232 1149 3299 noudum
1192 3231 1416 3297 clausa
1467 3232 1912 3316 Πατροκλέας,
2007 3255 2181 3297 unus
2241 3254 2324 3297 ex

125 3333 701 3429 interlocutoribus
758 3333 831 3398 iu
889 3335 1286 3401 Plutarcbeo
1344 3333 1619 3422 dialogo·
1656 3333 1740 3400 de
1801 3332 1963 3401 Sera
2006 3333 2321 3418 Numinis

125 3439 475 3523 Vindicta,
556 3436 726 3503 miro
769 3437 1054 3528 quodam
1097 3460 1255 3504 casu
1317 3436 1576 3506 oblatus
1633 3436 1896 3506 tandem
1955 3434 2322 3535 graviorem

130 3541 594 3608 dubitationem
636 3539 968 3628 injiceret.
1100 3540 1271 3608 Nam
1316 3563 1521 3632 quum
1567 3539 2013 3609 nominativus
2062 3544 2324 3623 Πατρο-

131 3639 310 3715 κλέας
347 3654 578 3730 quater
616 3643 878 3734 legatur
919 3645 984 3728 ξ.
1011 3644 1072 3710 1.
1103 3645 1171 3713 2.
1200 3646 1265 3711 7.
1294 3645 1403 3727 17,
1466 3642 1802 3708 vocativus
1851 3635 1903 3702 ὦ
1949 3639 2322 3724 Πατροκλέα

2348 3020 2393 3043 ,nd

131 3742 237 3809 his
276 3739 337 3824 ξ.
384 3742 448 3807 3.
495 3744 583 3825 8,
657 3745 989 3833 genitivus
1037 3746 1479 3829 Πατροκλέους
1524 3741 1728 3808 semel
1786 3740 1851 3824 ξ.
1899 3742 1986 3825 3,
2056 3765 2177 3807 nec
2224 3741 2357 3807 di·-

133 3865 353 3912 versus
394 3844 591 3910 homo
633 3844 696 3910 is
739 3867 888 3911 esse
927 3844 1268 3924 videatur,
1358 3867 1554 3935 quem
1598 3844 1996 3911 Plutarchus
2041 3842 2319 3929 Quaest-

138 3946 355 4037 Symp.
400 3945 536 4013 Vll
558 3993 583 4030 ,
626 3947 714 4030 4,
756 3946 800 4015 2
862 3946 1235 4034 Πατροκλέα
1292 3943 1399 4011 τὸν
1455 3944 1740 4030 γαμβρὸν
1792 3947 2122 4038 appellat,
2187 3945 2322 4034 pri·

136 4072 305 4117 mum
340 4058 607 4143 apparet
630 4094 652 4132 ,
731 4058 978 4114 temere
1033 4045 1106 4111 iu
1162 4045 1373 4135 prima
1411 4047 1573 4113 libri
1615 4051 2023 4141 paragrapho
2063 4046 2321 4136 Xylan-

141 4150 317 4218 drum
352 4149 815 4239 Πατροκλεής,
844 4149 1434 4239 Wytteubachium
1471 4150 1879 4237 Πατροκλεύς
1922 4174 2004 4217 ex
2045 4148 2320 4236 ingenio

138 4253 594 4345 proposuisse,
681 4277 833 4320 nam
888 4273 1130 4318 nomen
1178 4250 1628 4338 Πατροκλεῦς,
1710 4276 1845 4345 quo
1900 4252 2078 4319 idem
2120 4252 2319 4318 homo

141 4355 334 4423 utitur
387 4355 461 4424 iu
498 4357 870 4448 fragmento
912 4354 1312 4424 Plutarcheo
1356 4353 1547 4451 Stoh.
1596 4354 1813 4424 Serm.
1862 4352 2061 4420 CXX
2084 4397 2107 4437 ,
2149 4352 2236 4422 28
2279 4346 2355 4421 α’

225 4482 310 4550 11.
1840 4478 1927 4547 36
