2875 5000
737 479 855 553 Ad
909 479 1233 575 Librum
1286 479 1726 554 secundum.
2165 481 2312 559 581

291 682 357 770 ξ.
428 685 492 749 4.
583 681 934 750 Balbillum
969 706 1252 749 omnem
1296 680 1566 771 spiritus
1613 681 1829 772 asperi
1877 704 2064 747 usum
2110 705 2146 747 a
2189 680 2320 747 Le·
2399 753 2411 764 ³

89 788 344 854 sbiaca
395 785 670 852 dialecto
712 785 1167 873 abjudicasse,
1217 783 1372 849 inde
1417 795 1684 874 apparet
1717 784 1895 874 quod
1934 785 2003 848 in
2039 784 2317 849 elisione

85 900 166 957 et
219 889 409 955 erasi
455 888 673 954 tennis
733 912 1068 979 nunquam
1109 897 1347 952 mutata
1393 898 1536 952 esta
1602 886 1817 970 XIX,
1883 888 1961 954 11
2022 885 2071 949 τ’
2120 885 2214 952 ὅσ’
2257 899 2323 952 et

89 992 320 1057 'edico'
366 1014 485 1079 pro
527 989 593 1055 θ’
642 990 764 1055 ὅσα
806 999 871 1055 et
910 990 1173 1075 χῶσσα,
1220 989 1499 1072 XXIII,
1543 989 1587 1056 7
1629 987 1760 1067 καῖ,
1821 989 2100 1074 XXIV,
2147 989 2230 1055 10
2270 987 2319 1053 τ’

95 1094 136 1161 o'
174 1119 317 1184 pro
359 1091 426 1157 θ’
472 1094 530 1157 ὖ.
591 1091 734 1161 Nos
777 1092 1086 1181 gravibus
1130 1092 1531 1180 argumentis
1576 1092 2019 1157 demonstrare
2066 1091 2324 1157 studui-

93 1220 319 1277 mus,
379 1194 667 1261 Lesbios
716 1219 915 1285 quum
970 1194 1042 1259 in
1098 1194 1248 1260 aliis
1310 1205 1447 1259 tum
1491 1194 1561 1259 in
1604 1193 1881 1260 articulo
1924 1204 1989 1260 et
2031 1192 2324 1260 relativis

101 1320 367 1388 aspero
419 1319 576 1362 usos
634 1320 815 1374 esse,
882 1319 1102 1385 neque
1157 1294 1484 1361 Balbillae
1539 1297 1888 1363 auctoritas
1951 1295 2160 1382 major
2224 1305 2327 1361 est

107 1424 323 1488 quam
370 1397 973 1485 grammaticorum,
1040 1395 1284 1484 quibus
1330 1419 1461 1461 non
1503 1399 1925 1464 credidimus.
2018 1398 2326 1463 Ceterum

109 1526 210 1568 ex
269 1502 426 1588 ejus
475 1510 696 1566 mente
752 1500 996 1590 ubique
1039 1498 1254 1565 lenem
1300 1522 1421 1588 pro
1467 1523 1699 1590 aspero
1745 1500 2164 1566 scribendum
2208 1500 2325 1565 du-

112 1627 380 1670 xunus.

307 1705 376 1788 ξ.
424 1705 488 1771 5.
556 1705 782 1795 Ipsum
827 1703 1151 1794 digamma
1183 1702 1473 1770 Balbilla
1516 1704 1782 1795 scripsit
1822 1705 1896 1770 in
1940 1706 2327 1796 pronomine

120 1808 365 1875 tertiae
408 1831 726 1898 personae
766 1816 887 1873 Fon
929 1817 993 1870 et
1032 1814 1119 1870 Fe
1159 1806 1363 1890 XIX,
1407 1808 1473 1872 4.
1524 1808 1630 1872 12.
1673 1807 1954 1892 XXIII,
2014 1808 2076 1875 5.
2168 1810 2326 1875 Cer·

128 1910 394 1977 tissime
436 1910 610 1975 enim
652 1910 741 1974 ita
785 1907 1138 1998 corrigitur
1177 1933 1298 1998 pro
1339 1934 1479 1992 γοι,
1525 1933 1631 1992 γε,
1676 1935 1807 1987 τοι,
1862 1935 2062 2000 quum
2107 1936 2327 2001 neque

131 2011 282 2078 illis
326 2010 395 2075 in
440 2009 645 2093 loeis,
691 2010 807 2075 ubi
851 2009 1167 2078 Franzius
1209 2010 1261 2093 γ’
1308 2017 1368 2077 οἱ
1409 2023 1476 2077 et
1515 2010 1566 2094 γ’
1612 2015 1646 2075 ἑ
1683 2014 2071 2103 scripserat,
2130 2015 2330 2104 parti-

124 2113 285 2178 eula
329 2137 395 2194 γε
437 2111 597 2178 ferri
642 2112 893 2201 possit,
952 2136 1166 2201 neque
1210 2113 1282 2179 in
1331 2114 1561 2180 ultimo
1601 2116 1704 2180 τοῖ
1741 2139 1889 2182 eum
1936 2117 2165 2185 eodem
2207 2143 2329 2208 pro

127 2219 220 2297 τῷ
262 2213 517 2303 accipi,
562 2213 739 2304 qnod
781 2224 890 2280 aut
931 2214 1313 2282 Boeotieum
1355 2229 1459 2283 est
1499 2229 1610 2283 aut
1651 2218 1955 2309 antiquae
1997 2222 2330 2310 orthogra-

133 2316 379 2407 phiae,
422 2327 749 2406 praeterea
793 2340 830 2382 e
871 2317 1206 2385 Boeotieis
1253 2319 1801 2409 inscriptionibus
1838 2334 2095 2389 constat
2137 2347 2334 2413 quam

130 2420 334 2485 facile
392 2419 472 2483 ab
529 2417 904 2485 hominibus
955 2420 1176 2487 minus
1230 2422 1465 2513 peritis
1522 2446 1640 2512 pro
1698 2423 2020 2514 digamma
2077 2425 2331 2493 similes

126 2523 376 2590 literae
434 2529 500 2587 Γ
543 2532 608 2605 et
675 2530 735 2585 T
782 2523 852 2587 in
905 2524 1233 2614 lapidibus
1295 2527 1624 2616 legantur.
1673 2565 1754 2577 —-·
1797 2528 2059 2594 Deinde
2114 2555 2154 2593 υ
2209 2553 2332 2619 pro

130 2625 470 2714 digamma
511 2622 685 2688 inter
725 2624 984 2691 vocales
1028 2638 1128 2693 est
1170 2628 1239 2693 in
1285 2629 1481 2704 Αὕως
1522 2629 1766 2714 XXV,
1827 2634 1862 2698 1
1908 2654 1991 2698 ex
2030 2633 2330 2699 emenda-

127 2728 320 2795 tione
364 2735 586 2793 nostra
630 2738 696 2793 et
737 2727 896 2792 εὔὶὃε
935 2728 1149 2815 ΧΙΧ,
1198 2729 1239 2796 5
1281 2731 1324 2796 i.
1361 2754 1421 2798 e.
1471 2729 1687 2809 ἕΓιδε,
1735 2732 1889 2813 εἶδε,
1937 2735 2044 2801 eni
2091 2735 2334 2803 similia

127 2829 293 2896 vide
336 2830 401 2914 ξ.
449 2827 526 2912 5,
575 2827 638 2909 5.

310 2932 374 3014 ἓ.
424 2931 467 2998 6
511 2957 619 2997 nr.
669 2935 732 2999 1.
825 2935 1134 3021 Πέσυρα,
1196 2936 1375 3025 quod
1416 2937 1664 3028 legitur
1703 2939 1914 3026 XXI,
1959 2941 2039 3027 6,
2101 2942 2333 3011 confir-

139 3043 277 3100 mat
309 3033 639 3120 judicium
684 3047 977 3103 nostrum
1022 3039 1180 3118 (vid.
1232 3044 1294 3122 ᾖ.
1340 3041 1450 3123 12,
1494 3042 1589 3126 3),
1634 3068 1767 3111 nou
1811 3055 1987 3112 reete
2029 3046 2336 3132 πέσσυρες

139 3136 458 3225 seriptum
504 3161 647 3203 esse
692 3139 871 3228 apud
909 3141 1342 3230 Hesychium.

312 3238 378 3321 ξ.
423 3240 466 3304 7
516 3264 634 3305 nr.
681 3241 745 3306 3.
793 3243 860 3307 4.
947 3246 1215 3328 χθίσὸον
1278 3268 1401 3334 pro
1461 3245 1688 3331 χθιζόν
1750 3259 1852 3315 est
1913 3248 2196 3338 XXIII,
2266 3253 2332 3337 1,

139 3341 373 3406 neseio
414 3365 499 3405 an
540 3341 867 3429 genuinae
910 3345 1187 3412 dialecto
1232 3372 1364 3414 uon
1410 3349 1896 3419 convenienter.

310 3443 374 3526 ἓ.
422 3443 486 3511 8.
575 3443 910 3535 Liquidae
973 3449 1329 3537 geminatio
1381 3452 1468 3518 ad
1510 3451 1878 3525 Romanum
1930 3480 2167 3524 nomen
2205 3452 2334 3518 Σά-

138 3552 324 3627 finem
360 3557 608 3615 temere
652 3548 941 3616 adhibita
983 3562 1105 3617 est.

179 3639 198 3655 ‘
313 3647 377 3730 ξ.
420 3651 463 3715 9
506 3675 618 3715 ur.
666 3652 729 3717 3.
820 3651 995 3721 Male
1058 3682 1092 3719 τ
1148 3656 1547 3744 geminatur
1560 3658 1630 3723 in
1677 3658 1794 3724 ὄπ’
1847 3657 2057 3740 ΧΙΧ,
2117 3655 2157 3722 5
2213 3680 2334 3781 pro

142 3749 297 3833 iim,
367 3749 491 3815 ὅτε.
577 3750 690 3815 Ad
732 3757 1032 3845 exempla
1074 3780 1174 3821 nr.
1219 3761 1268 3826 4
1312 3770 1807 3829 commemorata
1847 3758 2099 3829 accedit
2137 3759 2334 3846 γρόπ-

141 3880 314 3917 πατα
358 3877 481 3945 pro
521 3850 850 3938 γράμματα
891 3855 1102 3941 XIX,
1149 3859 1226 3926 11
1272 3874 1339 3927 et
1377 3862 1642 3946 XXIV,
1690 3864 1827 3931 12.·

235 4002 236 4005 ,
309 3955 376 4038 ξ.
441 3953 548 4021 10.
639 3952 845 4022 Recte
877 3958 1128 4045 justam
1167 3965 1535 4053 analogiam
1579 3977 1837 4033 servant
1877 3990 2173 4052 τρεσσαις
2214 3991 2333 4057 pro

141 4059 372 4143 τρέσας
411 4057 686 4135 XXIII,
731 4060 816 4141 7,
878 4064 1063 4126 παῒσι
1103 4090 1223 4155 pro
1261 4070 1423 4131 πᾶσι
1463 4068 1670 4153 XIX,
1718 4071 1801 4136 12
1843 4067 2077 4156 (dativi
2121 4092 2333 4136 exem-

75 4242 76 4247 *
141 4160 254 4250 pla
311 4158 914 4227 desideraveramns
972 4164 1110 4231 vid.
1157 4190 1258 4232 nr.
1303 4170 1413 4253 2),
1478 4171 1782 4237 ἐνέποισιν
1839 4197 1960 4263 pro
2018 4173 2336 4238 ἐνέπουσιν

140 4261 370 4343 XXV,
435 4263 516 4347 3,
598 4263 717 4329 sed
778 4266 949 4334 male
1009 4268 1146 4334 ficti
1209 4282 1365 4337 sunt
1424 4273 1813 4341 nominativi
1872 4275 2337 4342 declinationis

141 4365 387 4454 primae
415 4365 758 4450 Καμβὺσαι
736 4394 794 4444 ις
838 4380 904 4436 et
942 4372 1212 4455 γενέταις
1246 4373 1513 4463 XXIV,
1549 4380 1619 4444 4.
1658 4379 1783 4463 11,
1810 4389 1884 4448 ut
1915 4378 2089 4470 apud
2126 4404 2336 4469 grum
