2875 5000
557 460 708 536 180
1369 457 1482 527 De
1536 452 1928 527 vocalibus.

565 684 684 724 vus
732 666 987 747 practer
1029 651 1268 726 Λατός”
1288 676 1388 717 nr.
1442 653 1609 719 1688
1663 675 1795 718 non
1855 650 2120 740 legitur.
2230 651 2463 740 Itaque
2525 649 2599 714 in
2660 647 2757 712 his

567 784 723 825 usus
766 756 898 823 sihi
943 756 1158 819 minus
1171 754 1575 822 constitisse
1632 753 1912 821 videtur.
2024 752 2330 818 Ceterum
2388 751 2458 815 in
2519 750 2756 817 iisdem

565 860 772 927 titulis
801 856 1346 947 praepositionem
1392 860 1457 930 ἐς
1503 879 1621 945 pro
1665 860 1752 931 εἰς
1794 848 1940 921 esse
1984 855 2150 937 (nisi
2182 854 2358 942 qnod
2403 878 2492 928 εις
2538 850 2760 918 neseio

567 986 698 1054 quo
743 984 897 1026 casu
941 958 1297 1040 nr.2556‚
1348 959 1499 1038 11),
1544 957 1923 1024 docebimus
1964 958 2032 1040 ξ.
2077 957 2185 1022 43.
2660 1006 2668 1013 .

737 1064 812 1127 ln
859 1061 1100 1127 tabulis
1143 1059 1727 1141 Heracleensibus‚
1774 1083 1939 1148 quae
1975 1059 2265 1147 reliquas
2309 1026 2761 1145 correptiones

569 1168 877 1256 ignorant
919 1166 1094 1242 (nam
1121 1160 1462 1251 praebent
1504 1158 1625 1234 wic
1664 1160 1926 1244 χώραις,
1984 1158 2598 1242 καταλυμακωθής),
2668 1156 2760 1220 in·

570 1266 863 1334 finitivus
921 1288 1051 1328 non
1108 1273 1479 1327 contractus
1534 1262 1894 1351 praesentis
1965 1263 2343 1352 saepissime
2394 1272 2460 1328 et
2505 1282 2765 1347 semper

575 1369 867 1434 ultimam
912 1365 1225 1454 corripit,
1285 1388 1406 1428 nec
1455 1365 1591 1428 fere
1636 1362 2047 1441 dubitamus,
2094 1365 2253 1454 quin
2302 1361 2621 1427 infinitivi
2664 1383 2764 1425 ao-

576 1466 719 1535 risti
765 1465 1036 1532 secundi
1085 1477 1148 1530 et
1191 1465 1535 1530 verborum
1579 1465 1648 1528 in
1699 1489 1778 1528 εω
1822 1464 1975 1529 item
2024 1466 2092 1530 in
2141 1491 2211 1529 εν
2244 1464 2484 1529 exituri
2515 1471 2763 1539 essent,

578 1571 635 1636 si
680 1569 974 1657 exempla
1018 1567 1362 1650 adessent3
1427 1566 2145 1658 Pseudo-Pythagorei
2200 1567 2374 1632 enim
2433 1589 2583 1630 enm
2634 1562 2765 1627 Do·

578 1670 846 1736 rismum
905 1668 1129 1759 paullo
1191 1668 1691 1733 reconditiorem
1745 1692 1782 1733 e
1843 1668 2149 1756 genuinis
2202 1670 2767 1757 Pythagoreorum

579 1772 846 1860 scriptis
891 1771 1292 1838 ltaliotarum
1335 1770 1588 1834 Doride
1642 1770 1780 1834 usis
1823 1770 2164 1861 adoptasse
2206 1771 2532 1834 videntur.
2648 1766 2771 1832 Ea·

582 1875 728 1939 dem
772 1873 936 1938 ratio
978 1883 1080 1937 est
1120 1871 1295 1936 tituli
1341 1870 1588 1936 Cretici
1631 1870 1735 1935 nr:
1767 1870 1935 1937 2554
1957 1919 1976 1954 ‚
2020 1873 2134 1962 qui
2171 1872 2591 1938 Olontiorum
2640 1868 2769 1933 dia·

579 1978 824 2043 lectum
868 1973 1208 2067 exprimit3
1268 1996 1415 2036 nam
1463 1983 1529 2036 et
1569 1974 1975 2039 accusativus
2020 1975 2088 2039 in
2141 2001 2226 2050 ως
2270 1974 2404 2038 exit
2447 1983 2512 2038 et
2556 1969 2771 2036 infini-

583 2078 762 2142 tivus
811 2077 879 2140 in
928 2099 1031 2155 εν,
1090 2074 1176 2137 ita
1220 2085 1433 2137 tamen
1480 2087 1551 2138 ut
1592 2075 1897 2163 vulgares
1938 2077 2219 2149 formae,
2269 2100 2434 2165 qnae
2477 2085 2581 2139 est
2623 2073 2773 2159 ejus

585 2178 917 2258 conditio,
961 2175 1552 2240 intermisceantur.
1641 2177 1719 2240 In
1763 2177 2123 2244 Vaxiorum
2167 2179 2425 2244 decreto
2468 2201 2571 2241 ur.
2603 2174 2776 2242 3050
2844 2256 2845 2259 ¹

590 2278 996 2364 accusativus
1042 2277 1315 2366 pluralis
1362 2278 1607 2344 desinit
1647 2278 1714 2342 in
1764 2304 1869 2353 ονς
1921 2278 2055 2346 vid.
2102 2281 2164 2364 ξ.
2214 2282 2337 2363 14,
2403 2275 2773 2344 infinitivus
2844 2270 2845 2291 ¹

592 2379 963 2462 ὁιαφυλάδεν
1035 2403 1153 2467 pro
1222 2380 1664 2461 διαφυλάσσειν
1728 2381 2023 2446 ultimam
2085 2382 2357 2472 corripit
2439 2378 2774 2468 (vulgaris

593 2484 797 2550 forma
845 2481 1236 2558 συνεπαύξειν
1280 2481 1596 2571 lapicidae
1640 2481 1978 2567 debetur),
2026 2509 2239 2576 neque
2281 2482 2618 2550 Latiornm
2671 2480 2776 2546 de·

594 2596 885 2666 cretum,
931 2585 1103 2673 qnod
1147 2608 1296 2649 cum
1338 2583 1458 2649 illo
1506 2584 1790 2672 priscum
1840 2587 2020 2664 istud
2061 2612 2129 2661 νς
2173 2608 2511 2652 commune
2556 2583 2775 2663 habet,

595 2685 906 2754 infinitivi
969 2687 1156 2751 aliam
1219 2677 1490 2750 formam
1548 2687 1885 2771 habuerit,
1967 2712 2166 2778 quare
2226 2711 2346 2777 pro
2399 2684 2775 2770 εὐχαριστει.

600 2788 932 2854 Chishulli
991 2788 1095 2854 vel
1148 2786 1511 2872 εὐχαρεσται
1566 2788 1871 2855 Sherardi
1930 2790 2150 2879 potius
2204 2788 2561 2875 εὐχαριοτέν
2618 2787 2778 2853 scri-

592 2890 881 2957 bendum
923 2889 1178 2955 videtur
1217 2914 1408 2978 quam
1457 2914 1604 2955 eum
1640 2892 1970 2958 Boeckhio
2013 2891 2412 2978 εὐχαριστεῖν.
2506 2888 2581 2955 Si
2626 2891 2784 2975 τρὰι-

601 3018 713 3076 φεν
760 2994 1047 3057 Acharn.
1078 2992 1202 3057 754
1244 2993 1488 3057 certius
1533 2994 1900 3059 habendum
1947 3007 2081 3077 est,
2128 3018 2321 3082 quam
2366 2993 2612 3058 formae
2654 2990 2781 3055 ibi·
2842 3063 2843 3092 1

601 3096 747 3161 dem
807 3094 876 3158 in
933 3091 1021 3158 ‹sc-'v
1078 3105 1430 3177 exeuntes,
1499 3096 1691 3161 etiam
1732 3096 2153 3186 Megarenses
2197 3096 2376 3161 solos
2418 3092 2782 3159 infinitivus
2842 3097 2843 3136 ¹

600 3195 999 3283 corripuisse
1051 3195 1395 3278 videntur,
1464 3221 1587 3263 nee
1645 3199 1863 3265 minus
1907 3198 2206 3265 Alaesini
2227 3245 2247 3280 ,
2319 3196 2377 3263 si
2433 3196 2503 3260 in
2556 3218 2783 3261 eorum

601 3296 894 3362 terminis
938 3299 1277 3377 καρπευσέν
1319 3310 1493 3364 recte
1533 3298 1837 3364 traditum
1884 3311 2007 3365 est.
2094 3293 2339 3383 Vides,
2382 3298 2784 3364 infinitivum

601 3420 757 3487 prae
798 3396 1074 3485 reliquis
1115 3398 1194 3462 ad
1240 3400 1715 3489 correptionem
1757 3401 2096 3467 inclinare.

773 3497 971 3588 Apud
1036 3498 1329 3588 reliquos
1391 3501 1753 3569 Dorienses
1781 3549 1801 3585 ,
1883 3515 1948 3569 ct
2010 3503 2311 3569 Lacones
2386 3512 2450 3567 et
2525 3498 2785 3565 mitiore

607 3600 857 3682 Doride
936 3622 1094 3665 usos
1124 3644 1147 3674 ,
1229 3602 1428 3690 vulgo
1511 3604 1736 3673 ultima
1813 3604 2066 3694 syllaba
2141 3603 2456 3694 producta
2518 3602 2789 3668 teneba-

606 3714 713 3767 tur
768 3701 856 3765 ita
880 3748 901 3784 ,
964 3712 1037 3766 nt
1093 3701 1174 3768 ad
1231 3705 1723 3791 correptionem,
1762 3706 2076 3797 proclivis
2133 3695 2468 3794 poetarum
2514 3702 2787 3769 arbitrio
2840 3783 2841 3788 ἵ

603 3804 677 3868 ἱιι
743 3815 1082 3892 utramque
1149 3816 1392 3893 partem
1462 3810 1751 3875 serviret.
1860 3808 1957 3874 lta
2012 3809 2250 3873 factum
2316 3817 2450 3888 est,
2532 3818 2607 3871 nt
2659 3803 2786 3869 Al-

605 3928 793 3970 cman
865 3903 1219 3993 Spartanus
1291 3909 1618 3999 corripere
1688 3922 1912 4001 posset
1938 3956 1960 3993 ‚
2039 3933 2206 3999 quae
2268 3909 2468 3996 vulgo
2535 3908 2607 3972 in
2662 3907 2789 3972 La-

610 4007 837 4073 conica
898 4007 1174 4073 dialecto
1230 4010 1677 4096 producuntur
1739 4004 2035 4094 (τρυπὸἱς,
2096 4013 2298 4088 Αἵᾶς,
2367 4009 2608 4086 ἀείδειν,
2671 4011 2795 4071 ὕπ-

614 4110 817 4188 avi-iv)
839 4154 861 4191 ‚
925 4132 1048 4173 nec
1105 4108 1447 4196 Tyrtaeus‘
1490 4138 1572 4179 ex
1635 4114 1765 4179 alio
1825 4115 2005 4179 fonte
2054 4112 2323 4192 ὃημότᾶς
2379 4123 2445 4177 et
2487 4109 2797 4182 ὁεσπότᾶς

610 4210 918 4278 hauaerit.
1018 4211 1266 4276 Eadem
1324 4214 1490 4280 ratio
1549 4227 1646 4281 est
1687 4215 2117 4303 correptionis
2159 4216 2226 4279 in
2274 4212 2484 4294 ἀφύᾶς
2523 4225 2655 4278 etc.
2702 4223 2792 4275 at-

608 4337 739 4400 que
783 4312 887 4388 τός
931 4315 1102 4402 apud
1144 4313 1642 4404 Epicharmum‚
1701 4309 2109 4398 καλὸςῶρᾶς
2150 4317 2218 4381 in
2267 4313 2795 4394 Chelidonismo,
