2875 5000
424 457 493 557 3.
533 464 653 541 44.
710 465 824 540 De
867 463 1233 541 adverbiis
1272 464 1417 542 loci
1458 482 1530 542 et
1576 467 1951 566 temporis.
2134 466 2285 548 373

78 668 397 733 conferas
452 665 806 750 κρυφάδις,
877 668 1057 757 quod
1099 663 1602 734 commemorant
1646 668 2055 759 Theognost.
2107 672 2279 738 Oxx.

76 770 192 852 11,
244 770 419 851 163,
462 771 548 836 22
591 781 655 834 et
695 769 937 836 Joann.
986 770 1102 835 Al.
1150 770 1275 853 38,
1319 770 1404 834 27
1467 769 1512 833 i.
1564 793 1624 835 e.
1688 774 2044 859 insqeheim.
2140 773 2283 840 Nec

79 872 315 938 minus
366 874 547 955 διχᾶ
604 884 670 937 et
706 876 978 957 τριχᾶ,
1042 874 1293 937 rectius
1350 874 1494 956 διχᾷ
1547 882 1613 937 et
1669 875 1887 959 τριχᾷ,
1952 887 2106 939 sunt
2160 902 2281 966 pro

82 978 232 1063 διχῇ
273 986 346 1043 ct
386 971 575 1061 τριχῇ
612 974 697 1038 ἱιι
745 974 945 1040 duas
990 982 1067 1039 ct
1110 983 1288 1039 tres
1329 987 1614 1063 partes
1659 985 1805 1060 aut,
1857 974 1915 1040 si
1946 978 2276 1056 malueris,

78 1077 321 1142 eodem
369 1097 569 1141 sensu
615 1100 690 1140 ac
730 1078 918 1161 διχῶς
959 1087 1026 1141 et
1066 1079 1317 1162 τριχῶς.
1535 1117 1542 1124 ·

256 1176 376 1263 11)
447 1177 781 1243 Adverhia
825 1201 862 1242 a
908 1178 1335 1244 substantivis
1379 1199 1499 1268 per
1539 1178 1842 1260 suffixum
1886 1181 1952 1244 δε
1996 1180 2280 1248 derivata

70 1304 210 1346 non
259 1280 627 1369 reperimus
673 1278 743 1343 in
788 1279 1085 1345 fontibus
1120 1278 1389 1344 Doricis
1430 1291 1690 1369 praeter
1731 1282 1941 1346 οἴκαδε
1969 1281 2274 1372 Thucyd.

71 1383 157 1466 V,
212 1383 332 1449 77.
425 1381 668 1449 Contra
727 1406 848 1471 pro
910 1383 1118 1447 οἴκαδε
1160 1381 1478 1447 Doricum
1538 1382 1784 1449 dicitnr
1836 1386 2076 1459 οἴκαδις
2128 1409 2165 1450 a
2207 1384 2273 1451 J.

71 1485 193 1551 Gr.
249 1482 407 1559 243,
439 1482 525 1567 h,
570 1484 814 1556 οἵκαδες
857 1507 891 1546 a
936 1482 1054 1548 Gr.
1104 1483 1183 1549 C.
1233 1509 1299 1573 p.
1346 1483 1475 1549 364
1519 1494 1583 1549 ct
1625 1483 1774 1569 (ubi
1815 1488 2278 1553 Acharnenses

68 1591 495 1676 spectantur)
550 1597 622 1675 p.
668 1584 798 1650 230
815 1630 837 1665 ,
905 1584 1063 1650 item
1120 1587 1365 1660 οἴκαδες
1406 1585 1518 1650 Et.
1567 1586 1661 1651 M.
1711 1587 1858 1665 617,
1905 1590 1991 1654 24
2054 1589 2121 1652 in
2178 1612 2278 1654 re-

67 1688 380 1755 centiore
420 1687 883 1754 additamento.
952 1686 1256 1753 Dialecto
1298 1711 1429 1751 non
1478 1687 1804 1752 nominata
1850 1691 2088 1764 οἴκαδις
2130 1711 2276 1779 pro·

65 1803 542 1881 paroxytonon
569 1790 739 1864 inter
769 1788 1071 1853 adverbia
1102 1788 1172 1854 in
1208 1791 1309 1864 διςῑ
1334 1802 1874 1856 commemoratur
1902 1816 1936 1855 a
1965 1791 2273 1880 Theogn.

66 1895 260 1959 Oxx.
332 1894 443 1976 ΙΙ,
506 1892 668 1974 163,
726 1893 833 1958 22.
942 1890 1226 1981 Legitur
1293 1893 1533 1967 οἴκαδις
1594 1892 1879 1959 Acharn.
1939 1892 2067 1959 708
2134 1893 2278 1971 (uhi

60 1999 321 2063 lemma
370 1993 759 2060 scholiastae
806 1994 1082 2070 οἴκαδες)
1128 2004 1192 2057 et
1235 1992 1404 2078 7453
1471 1992 1867 2083 Epicharmo
1924 1995 2007 2059 fr.
2057 1995 2138 2061 19
2195 2020 2277 2059 ex

61 2097 298 2164 οἴκαδ’
351 2101 476 2175 εἰς,
545 2097 718 2187 quod
765 2106 867 2162 est
907 2095 976 2159 in
1024 2094 1349 2162 Athenaei
1394 2094 1623 2160 codice
1668 2096 1725 2160 P
1767 2108 1832 2161 et
1874 2095 2275 2164 editionibus

56 2203 238 2286 VL,
314 2198 612 2286 Heringa
660 2200 907 2272 οἴκαδες
963 2194 1219 2262 restitui
1267 2195 1517 2282 jussit,
1586 2197 1971 2265 Dindorfius
2036 2201 2276 2274 οἴκαδις

56 2304 283 2371 dedit.
382 2302 587 2367 Recte
620 2302 766 2384 hic,
814 2300 871 2367 si
911 2299 1072 2388 qnid
1115 2298 1457 2383 videmus3
1502 2323 1649 2365 nam
1697 2303 1940 2376 οἴκαδες
1981 2302 2273 2379 inscho-

52 2409 171 2474 liis
224 2399 710 2493 Aristophanis
772 2400 1002 2467 calami
1058 2399 1247 2489 lapsu
1300 2401 1616 2491 scriptum
1679 2413 1745 2467 et
1787 2403 1940 2469 inde
1984 2405 2066 2468 ad
2112 2404 2271 2471 Gre-

52 2509 336 2602 gorium
403 2518 468 2571 et
532 2507 600 2572 iu
668 2503 1196 2595 Etymologicum
1259 2528 1568 2594 magnum
1630 2517 2058 2596 propagatum
2124 2530 2272 2572 esse

48 2614 363 2679 videtur.
467 2608 776 2674 Doricam
833 2605 1356 2671 terminationem
1405 2608 1502 2681 δις
1528 2658 1546 2682 ,
1614 2631 1807 2699 quam
1853 2619 2032 2673 extra
2076 2608 2270 2673 Dori·

50 2718 208 2784 dem
270 2714 348 2778 in
395 2709 700 2798 χαμάδις,
728 2708 1009 2790 ἄμυδις,
1056 2702 1300 2782 ἅλ’λυδις
1342 2718 1408 2773 et
1448 2708 1600 2774 aliis
1643 2719 1941 2800 apparet,
2009 2721 2275 2774 tuentur

45 2821 312 2894 etiam,
385 2837 553 2903 quae
610 2811 853 2876 Dorica
912 2821 1266 2893 vocantur,
1318 2810 1769 2897 ’χαμάνδις,
1836 2808 2268 2896 ἇγράνδις,

41 2915 673 3001 Ὀλυμπιάνδις
719 2918 827 2990 ¹¹).
941 2911 1344 2996 Quaeritur,
1422 2913 1749 3002 quomodo
1817 2938 1932 2981 cae
1996 2914 2269 2997 formae,

37 3048 229 3115 quae
290 3049 330 3085 v
393 3017 869 3108 pleonasticum
930 3013 1173 3080 hahere
1212 3014 1557 3099 videntur,
1627 3017 1942 3105 explicari
1987 3015 2266 3105 possint.

37 3128 124 3193 In
174 3119 664 3202 Ὀλυμπιάνδις
719 3128 985 3208 apparet
1045 3118 1345 3182 suffixum
1406 3119 1504 3192 δις
1557 3117 1930 3184 accusativo
1981 3117 2269 3183 additum

39 3251 264 3307 esse,
312 3222 490 3289 sicut
536 3224 599 3286 δε
640 3221 710 3286 in
757 3219 1028 3297 οἶκόνδε,
1078 3219 1304 3293 ἅλαδε,
1364 3221 1701 3304 Τροίηνδεὸ
1769 3219 1926 3285 itcm
1956 3219 2271 3306 ’χαμάνδις

39 3332 116 3397 nd
174 3324 572 3396 obsoletum
631 3321 1103 3389 substantivum
1160 3319 1331 3406 χαμά
1396 3321 1516 3399 (cf.
1563 3321 1811 3387 Buttm.
1872 3320 1940 3387 ll
1998 3347 2065 3412 p.
2111 3324 2269 3402 351)

39 3451 383 3500 revocare
436 3424 612 3491 licet.
725 3425 1122 3513 Refragatur
1189 3421 1523 3509 ἀγράνδις,
1595 3424 1770 3515 quod
1830 3448 1951 3514 pro
2011 3423 2268 3506 ἀγρόνδε

39 3560 193 3603 3550
250 3539 500 3623 putant
538 3528 644 3593 vel
671 3551 791 3618 pro
823 3527 1075 3612 ἅγραδε,
1123 3526 1299 3617 quod
1333 3524 1777 3593 Callimachus
1823 3524 1984 3606 (vid.
2013 3522 2261 3590 Buttm.

41 3642 92 3706 ΙΙ
171 3662 265 3727 p.
334 3631 506 3713 351,
577 3629 691 3707 uhi
756 3628 1136 3697 Loheckius
1199 3628 1419 3695 minus
1484 3624 1845 3718 probabilia
1906 3624 2263 3703 adnotavit)

41 3751 285 3807 tontra
324 3734 576 3821 justam
621 3731 988 3820 analogiam
1033 3731 1304 3798 finxisse
1346 3731 1640 3814 videtur3
1703 3751 1919 3817 neque
1961 3727 2136 3793 enim
2183 3727 2265 3790 dc

41 3834 476 3927 nominativo
521 3833 685 3918 ἆγρά
727 3857 848 3923 pro
894 3831 1084 3915 ἀγρός
1125 3832 1402 3923 cogitari
1439 3841 1678 3919 potest.
1768 3829 2001 3918 Itaque
2050 3827 2263 3916 suspi-

44 3966 287 4014 amur
335 3941 507 4003 hanc
547 3959 770 4001 vocem
816 3959 896 4001 ex
939 3933 1273 4019 ἀγοράνδις
1328 3934 1374 3998 i.
1423 3958 1484 3998 c.
1550 3930 1852 4016 ἀγορήνδε
1894 3942 2260 4019 corruptam

76 4199 99 4246 ι
124 4194 195 4256 1)
289 4182 552 4251 Theogn.
594 4184 750 4236 Oxx
739 4181 882 4264 -11,
923 4183 1049 4245 163,
1085 4183 1147 4235 31
1206 4176 1420 4242 ‹Bekk
1468 4173 1881 4235 1303).τὰεῖς
1928 4157 2013 4234 δ-ις
2043 4175 2129 4229 ἐπι
2112 4171 2257 4242 066²}-
2285 4252 2290 4265 ι

45 4299 177 4334 aa
234 4276 438 4347 ἔχονξα
474 4267 578 4341 πρὸ
614 4273 709 4322 τοῦ
748 4273 845 4321 δτ
814 4266 912 4336 τὴν
947 4286 1013 4319 αν
1047 4261 1311 4333 συλλαβὴν
1345 4261 1500 4317 &dr
1502 4267 1565 4315 οὔ
1664 4261 1922 4334 γράφεται
1958 4262 2045 4314 καὶ
2079 4257 2262 4329 Anioni

45 4387 207 4432 tw,
263 4348 399 4414 οἷον
410 4356 592 4423 lamis*
564 4359 696 4419 νδις,
733 4352 904 4429 ἀγρόν
876 4356 957 4408 νιδ
936 4374 1012 4420 ι,ς
1044 4350 1169 4406 ὐΟλ
1138 4350 1338 4416 υμπιάν
1309 4353 1429 4411 ν.δις
