2875 5000
391 389 547 470 556
707 467 722 478 ,
999 386 1347 468 Addenda
1395 402 1469 462 et
1494 387 1993 491 Corrigenda.

393 595 896 688 appellationem
958 594 1293 684 epitheton
1358 589 1673 682 Euripidi
1748 589 1968 658 datum
2038 589 2360 676 πρυφνός
2423 614 2655 657 com-

394 699 679 765 mendat.
771 698 954 765 Idem
994 696 1083 762 V.
1133 695 1223 760 D.
1270 720 1339 785 p.
1366 693 1495 761 270
1540 694 1931 776 ThestoriS,
1977 694 2093 784 qui
2134 703 2278 760 erat
2322 694 2637 758 Parthe-

392 801 491 867 nii
534 812 719 891 peter
740 852 762 880 ,
824 820 1189 890 cognomen
1236 796 1424 873 Χαός
1466 789 1700 864 scribit
1742 806 1808 863 et
1844 797 1926 862 ad
1971 794 2236 886 generis
2282 795 2636 884 splendo-

393 926 533 971 rem
585 904 825 988 refert,
896 925 1099 993 quum
1153 899 1272 966 alii
1325 910 1778 991 paroxytonon
1824 898 2051 982 Χάος,
2118 896 2190 962 id
2234 897 2437 987 quod
2480 921 2631 963 ma·

399 1004 505 1096 gis
548 1004 900 1102 probamus
934 1051 957 1089 ,
1044 1004 1127 1070 de
1167 1003 1491 1069 librorum
1535 1001 1931 1069 obscuritate
1975 999 2397 1089 interpretati
2448 998 2610 1066 sint.

398 1108 691 1176 Omnino
751 1130 836 1174 ne
893 1129 1095 1174 uuum
1139 1104 1407 1195 quidem
1466 1115 1642 1171 extat
1698 1115 1946 1172 certum
1989 1102 2373 1192 exemplum
2422 1102 2616 1168 vocis

394 1208 578 1300 χάῖος
638 1219 817 1278 extra
858 1206 1261 1276 Laconicam
1308 1207 1660 1274 dialectum
1700 1217 2048 1296 usurpatae
2089 1206 2200 1273 vel
2254 1205 2332 1270 in
2392 1204 2628 1292 hisyl-

363 1312 623 1380 'labum
666 1310 985 1378 coercitae
1039 1311 1149 1377 vel
1203 1309 1473 1399 generis
1528 1309 1940 1377 nobilitatem
1982 1305 2424 1374 describentis
2444 1353 2475 1390 ,
2567 1305 2637 1372 si

259 1487 264 1494 ,
397 1415 666 1504 quidem
747 1412 827 1478 de
888 1411 1289 1478 Theocriteo
1367 1414 1542 1498 χαῶν
1610 1410 1900 1476 dubitari
1978 1434 2175 1501 posse
2250 1408 2629 1476 concedis.

396 1515 564 1583 Nam
607 1539 736 1582 vox
776 1516 1133 1601 βαθυχαῖος
1174 1516 1424 1582 Aesch.
1474 1512 1711 1606 Suppl.
1759 1513 1888 1581 838
1914 1562 1938 1592 ,
2019 1536 2215 1604 quam
2257 1534 2346 1579 eo
2390 1521 2628 1578 traxe-

396 1628 551 1685 runt
572 1664 594 1702 ,
661 1617 1133 1684 obscurissime
1174 1629 1298 1684 est.

567 1747 774 1837 Peg:
805 1748 892 1816 78
946 1758 1151 1813 extr.
1241 1746 1298 1812 E
1348 1744 1635 1814 Theraei
1688 1744 1959 1812 nomine
1999 1744 2377 1820 Μελέὶέτπος
2435 1747 2615 1836 apud

263 1907 277 1930 ,
397 1848 713 1918 Rossium
753 1849 846 1915 11.
907 1873 1010 1914 nr.
1057 1850 1186 1917 198
1238 1850 1378 1916 noli
1432 1848 1749 1939 colligere
1792 1847 2127 1916 Thea-aeos
2174 1873 2227 1932 o
2284 1849 2602 1936 ejecisse,

398 1975 774 2043 quanquam
815 1951 1185 2019 Beeckhius
1229 1951 1303 2017 in
1346 1952 1616 2041 antiqua
1659 1950 2089 2041 inscriptione
2127 1949 2436 2018 Theraea
2482 1975 2582 2015 nr.

395 2052 484 2123 92
536 2055 923 2121 lacunosum
978 2076 1218 2119 nomen
1269 2060 1774 2118 ΛΕΣΙΠΠΟΣ
1821 2053 1891 2119 in
1932 2052 2393 2135 Mdhiomnoc
2450 2077 2589 2143 sup-

257 2193 273 2201 ·
396 2157 560 2248 plet.
651 2156 798 2223 Hoc
842 2155 1062 2223 malim
1115 2157 1526 2236 Τε]λε’σιππος
1565 2157 1832 2246 legere,
1883 2180 2084 2246 quum
2125 2165 2192 2221 ct
2244 2158 2608 2220 Τελεσίππα

396 2258 762 2348 reperiatur
802 2256 1009 2324 Ther.
1054 2257 1249 2326 2448.
1307 2257 1431 2337 lv,
1479 2258 1563 2325 37
1616 2270 1683 2324 et
1724 2257 1992 2326 omnino
2034 2257 2303 2324 nomina
2356 2282 2397 2322 a
2459 2266 2608 2325 Τελε

398 2362 762 2451 composita
799 2359 875 2426 iu
917 2360 1326 2451 Aegida-um
1371 2372 1568 2451 gente
1610 2359 1982 2451 frequentia
2028 2359 2194 2444 sint,
2240 2358 2384 2425 vid.
2428 2358 2609 2427 Ros·

399 2464 571 2533 sium
615 2461 697 2531 de
737 2464 1022 2553 Anaphe
1065 2463 1137 2530 in
1180 2463 1335 2530 Act.
1381 2463 1510 2529 Ae.
1559 2462 1823 2530 Monac.
1866 2461 2034 2531 1837
2075 2488 2146 2554 p.
2186 2461 2365 2547 4383
2432 2463 2607 2532 illud

397 2569 749 2637 formatum
792 2579 895 2636 eet
932 2564 1482 2659 quemadmodum
1520 2567 1914 2651 Μελέαγρος.

401 2697 763 2869 1⁰46Pag.
808 2696 896 2765 80
946 2698 998 2764 l.
1047 2697 1152 2766 10.
1251 2694 1448 2765 Adde
1504 2696 1703 2764 ποποῖ
1755 2698 1835 2761 δᾶ
1890 2697 2139 2767 Aescb.
2202 2697 2338 2786 Ag.
2401 2698 2594 2767 1042.

567 2930 767 3020 Pag.
808 2929 896 2999 82
950 2931 999 2996 l.
1046 2929 1111 2997 3.
1200 2930 1370 3019 Leg.
1417 2929 1482 3014 ξ.
1531 2931 1636 2999 43.

571 3059 769 3149 Pag.
816 3059 903 3127 84
967 3058 1016 3124 l.
1066 3059 1170 3126 10.
1274 3058 1566 3135 Maedos·
1625 3059 1876 3151 legitur
1930 3060 2003 3126 in
2057 3060 2250 3128 titulo
2309 3060 2587 3128 Acreusi

400 3159 700 3242 111„35.
747 3161 826 3226 41
855 3206 880 3244 ,
959 3159 1148 3227 οὐθὲν
1211 3160 1286 3229 in
1345 3159 1486 3228 Coo
1543 3160 1742 3230 Rosa.
1804 3163 1894 3229 11.
1961 3186 2067 3228 nr.
2116 3163 2290 3241 175,
2374 3175 2594 3230 contra
2700 3207 2708 3217 ·

413 3267 725 3329 ΟΥΑΕΣ
771 3264 844 3328 in
899 3265 1173 3353 antiquo
1214 3264 1407 3333 titulo
1452 3264 1785 3332 Laconico
1808 3312 1832 3346 ,
1899 3264 1979 3332 de
2023 3288 2154 3355 quo
2195 3266 2352 3332 vide
2401 3291 2597 3357 supra

400 3362 594 3455 ad.p.
639 3364 732 3447 8,
797 3363 844 3429 i.
894 3387 954 3428 e.
1006 3366 1219 3445 οὐδής.

569 3493 763 3583 Pag.
809 3494 892 3563 85
951 3481 1000 3563 l.
1048 3495 1154 3562 21.
1264 3495 1462 3563 Adde
1516 3496 1878 3580 Θεράμναι,
1963 3508 2039 3562 ut
2099 3496 2595 3585 Therapnarum

401 3595 878 3664 Laconicarum
932 3621 1173 3664 nomen
1225 3599 1398 3688 apud
1448 3597 1851 3687 Stephanum
1892 3599 2055 3691 Byz.
2105 3600 2424 3690 scriptum
2467 3612 2586 3668 est.

574 3723 767 3813 Peg.
814 3725 899 3793 86
955 3727 1003 3792 l.
1045 3726 1150 3795 19.
1241 3726 1411 3818 Leg.
1461 3728 1526 3811 ξ.
1556 3728 1679 3813 36,
1727 3729 1762 3795 1
1810 3741 1876 3795 et
1916 3730 1982 3812 ξ.
2014 3729 2137 3815 403
2200 3731 2370 3796 hanc
2411 3756 2588 3821 para-

406 3827 726 3917 graphum
766 3826 1041 3893 restitue
1076 3841 1414 3918 praetcrea
1457 3830 1507 3896 l.
1536 3832 1622 3899 22
1665 3841 1731 3899 et
1770 3856 1923 3920 pag.
1956 3832 2041 3899 87
2081 3833 2131 3899 l.
2167 3834 2273 3899 12.

571 3964 759 4053 rag.
806 3965 891 4033 87
949 3991 1052 4032 m.
1102 3968 1207 4036 10.
1298 3969 1404 4036 ne
1459 3973 1691 4036 φιαιεα
1745 3972 1834 4036 er.
1885 3970 2063 4037 nen.
2111 3971 2342 4040 Anan.
2395 3996 2466 4062 p.
2506 3974 2584 4040 99
2632 3944 2635 3949 ⁴

405 4079 472 4132 et
529 4091 865 4135 nummum
922 4071 1093 4159 apud
1119 4174 1126 4181 „
1153 4071 1412 4139 Mio'nu.
1481 4072 1719 4164 Suppl.
1764 4072 1887 4140 IV.
1952 4097 2022 4164 p.
2073 4072 2198 4159 532}
2223 4121 2247 4160 ,
2334 4073 2408 4140 in
2459 4099 2582 4166 quo

417 4171 720 4237 Φιαλέων.

576 4311 657 4323 -
745 4248 792 4341 ι.’
839 4275 948 4343 20.
1036 4277 1208 4368 Lag.
1255 4277 1319 4360 g.
1367 4276 1489 4363 35,
1538 4278 1594 4342 1.
