2875 5000
510 444 708 490 ·vn1‘

553 627 838 703 edoceri
887 649 1100 698 nemo
1152 627 1383 725 mag-is
1435 626 1906 724 concupiscit.
2049 626 2391 703 Ceterum
2437 631 2755 702 severis-

551 733 813 804 simum
916 729 1156 826 operis
1255 728 1397 800 mei
1498 753 1872 802 censorem
1951 754 2065 802 me
2162 730 2404 827 ipsum
2471 733 2756 832 egisse,

552 832 1060 905 Additameuta
1112 828 1202 902 ad
1252 832 1340 902 L.
1383 832 1421 903 l
1472 829 1760 904 abunde
1810 831 2276 930 patefacient.

2835 630 2853 700 l

2829 762 2853 805 t

2829 866 2853 911 Ε

751 932 1053 1005 illorum
1122 934 1350 1033 igitur
1410 959 1790 1007 censorum
1855 959 1986 1007 nec
2040 935 2279 1007 minus
2323 934 2519 1008 Tuo
2568 934 2760 1010 ulio·
2833 970 2853 1015 ..ι

401 1034 407 1043 ’
553 1062 908 1135 rumque,
990 1034 1259 1134 quibus
1310 1034 1704 1133 plurimum
1756 1034 2040 1128 tribuo,
2111 1035 2412 1134 judiciis
2465 1063 2760 1135 permo-

550 1152 669 1214 tus
714 1162 875 1210 sum
926 1151 1007 1210 ut
1057 1163 1297 1237 neque
1359 1140 1599 1236 operis
1652 1137 2076 1212 absolvendi
2127 1137 2511 1212 eonsilium
2562 1138 2761 1238 abji-

552 1240 786 1316 cerem
841 1251 913 1313 ct
973 1238 1220 1313 eadem
1287 1240 1405 1311 via
1454 1252 1671 1339 atque
1721 1243 1997 1313 ratione
2051 1267 2471 1342 pergerem,
2560 1268 2760 1342 quae

553 1345 874 1417 omnium
927 1364 1302 1414 assensum
1346 1341 1602 1416 tulisse
1656 1342 2050 1415 videretur.
2200 1342 2510 1443 Neque,
2605 1346 2762 1417 nisi

553 1443 877 1519 faciliore
928 1445 1145 1542 primi
1189 1443 1369 1526 ,libri
1433 1443 1682 1518 labore
1749 1447 1939 1518 vires
1992 1457 2203 1519 antea
2267 1446 2763 1519 exercuissem

554 1561 774 1647 utque
819 1547 1259 1638 firmassem,
1335 1545 1559 1646 hujus
1611 1547 2068 1622 mediocriter
2110 1546 2530 1646 perficiendi
2581 1575 2763 1646 grn-

553 1652 928 1723 vissimum
1024 1674 1208 1722 onus
1300 1675 1417 1723 me
1508 1661 2007 1724 sustenturum
2096 1651 2324 1723 fuisse
2407 1647 2756 1722 arbitror.

2835 1075 2853 1117 ’ἐ

2846 1179 2853 1224 4

2842 1388 2853 1455 ,Ι

2839 1492 2853 1534 ι

2841 1584 2853 1637 i

2840 1700 2853 1743 4

561 1752 782 1848 Quod
835 1777 1052 1851 quam
1101 1761 1294 1825 recte
1349 1754 1697 1844 sentiam,
1798 1778 2215 1850 quanquam
2260 1753 2332 1822 T
2348 1750 2395 1822 u'
2448 1779 2540 1824 ex
2588 1752 2765 1848 ipso
2841 1796 2853 1847 3

556 1880 774 1954 opere
825 1856 998 1928 satis
1051 1852 1456 1954 intelliges,
1555 1854 1700 1926 duo
1763 1864 2004 1927 tamen
2056 1852 2564 1926 molestissima
2620 1855 2764 1926 im·
2843 1908 2852 1948 1

553 1957 1005 2056 pedimenta,
1117 1981 1303 2057 quae
1390 1954 1674 2029 facilius
1756 1955 1981 2028 latere
2060 1955 2396 2054 possint,
2502 1957 2765 2054 paucis

534 2056 1158 2134 commemorabo.
1313 2060 1630 2130 Primum
1689 2059 1990 2132 nimium
2046 2068 2397 2159 quantum
2443 2055 2766 2131 ‘desudas-

2842 2011 2853 2054 Ι

2845 2115 2853 2159 1

556 2165 675 2254 vi,
750 2165 1174 2262 priusquam
1199 2211 1224 2254 ,
1292 2160 1475 2260 quid
1520 2163 1933 2261 quibusque
1990 2159 2316 2234 fontibus
2341 2208 2366 2251 ,
2442 2185 2765 2259 quorum
2845 2232 2851 2259 Ε

558 2265 890 2365 plerique
953 2291 1209 2363 parum
1271 2262 1556 2362 limpidi
1624 2274 1836 2356 sunt,
1930 2263 2104 2337 fidei
2168 2261 2421 2336 haberi
2486 2264 2759 2359 possit,
2851 2338 2852 2355 1

559 2369 733 2440 sutis
793 2377 1251 2464 perspectum
1317 2364 1688 2439 haberem.
1859 2365 2142 2440 Deinde
2206 2367 2285 2438 in
2336 2367 2475 2456 iis,
2562 2388 2765 2461 quae

559 2472 1120 2543 recentioresct
1169 2469 1647 2541 recentissimi
1700 2467 1908 2566 (adeo
1960 2470 2088 2568 qui
2133 2467 2305 2566 jure
2356 2466 2770 2541 doctissimi

2846 2428 2853 2471 i

559 2569 947 2670 habentur)
1019 2570 1108 2643 de
1164 2571 1428 2642 Dorica
1482 2569 1787 2644 dialecto
1851 2572 2352 2669 protulerunt,
2442 2566 2764 2641 incredi-
2851 2637 2852 2676 ἒ

560 2673 780 2746 bilem
849 2699 1173 2748 errorum
1238 2674 1515 2769 copiam
1583 2675 1874 2765 inveni,
1970 2684 2218 2746 contra
2286 2670 2761 2768 paucissima,

565 2902 753 2976 quae
806 2877 1212 2950 Boeckhius
1279 2878 1356 2947 in
1417 2874 1738 2951 secundo
1792 2875 2136 2973 Corporis
2189 2873 2764 2973 Inscriptionum

422 2834 429 2837 .
563 2775 757 2848 unde
809 2773 1089 2874 aliquid
1139 2773 1488 2871 praesidii
1521 2769 1683 2874 'peti
1741 2783 2027 2873 posset3
2130 2799 2219 2845 ne
2284 2797 2365 2844 ea
2419 2770 2760 2871 quidem,
2851 2819 2852 2864 3

563 2978 932 3053 volumine
985 2980 1074 3051 de
1115 2978 1419 3075 dialecto
1454 2980 1736 3054 Cretica
1773 2988 2294 3051 commentatus
2330 2989 2468 3067 est,
2527 3001 2764 3074 quan·
2851 2979 2852 2984 ’

563 3107 782 3182 qnam
847 3081 1150 3180 reliquis
1217 3081 1443 3155 multo
1505 3082 2061 3180 praestantiora,
2157 3082 2396 3152 omnia
2461 3079 2768 3177 probari

563 3195 940 3282 poterant,
1033 3211 1268 3284 ‘quum
1334 3194 1665 3258 accurata
1727 3184 2050 3257 omnium
2101 3181 2396 3257 Doridis
2453 3181 2768 3252 varieta-

563 3295 719 3357 tum
795 3290 1229 3384 comparatio
1302 3285 1501 3358 haud
1566 3313 1728 3358 raro
1792 3285 1931 3358 alia
1994 3285 2310 3359 doceret.
2463 3282 2766 3356 Utinam

567 3398 842 3462 tantum
901 3386 1169 3460 laboris
1238 3389 1348 3461 Te
1407 3387 1658 3486 judice
1726 3413 1820 3461 ne
1889 3388 2073 3461 male
2137 3390 2545 3486 impensum
2598 3409 2766 3456 esse

567 3489 934 3563 videatur!
985 3535 1087 3549 --
1240 3490 1625 3580 Ceterum,
1718 3489 1806 3564 de
1862 3516 2005 3590 qua
2057 3513 2136 3564 re
2179 3492 2256 3562 in
2305 3490 2522 3587 primi
2586 3483 2768 3557 libri

569 3594 1016 3691 praefatione
1080 3619 1371 3666 monere
1459 3592 2048 3692 neglexeramus,
2156 3592 2464 3666 consilio
2533 3598 2606 3661 et
2676 3614 2766 3660 ea

571 3693 835 3768 omissa
899 3705 1114 3787 sunt,
1232 3721 1419 3795 quae
1492 3696 1584 3768 ad
1654 3697 2122 3795 syntacticam
2190 3694 2535 3765 rationem
2595 3715 2764 3787 spe-

570 3807 805 3890 ctant,
883 3822 1030 3895 quo
1081 3801 1449 3896 pertinent
1482 3796 1844 3872 schemata
1893 3798 2204 3896 singulis
2233 3792 2521 3893 populis
2565 3791 2769 3890 apud

571 3902 1074 3997 grammaticos
1123 3902 1480 3999 adscripta
1503 3950 1528 3993 ,
1604 3911 1678 3973 et
1729 3900 2129 3999 glossarum
2181 3922 2223 3970 e
2269 3894 2597 3969 dialectis
2635 3892 2766 3966 de-

572 4013 1108 4099 promptarum,
1207 4013 1563 4103 quatenus
1613 4004 1692 4073 in
1746 4000 2289 4100 etymologicam
2331 4009 2603 4098 partem
2648 3996 2765 4068 ni·

576 4102 679 4174 hil
728 4102 915 4176 lucri
964 4105 1321 4196 afferunt,
1403 4108 1664 4205 ingens
1716 4129 2089 4176 numerus·
2213 4102 2435 4199 Quod
2480 4100 2762 4199 aliquo·

575 4208 755 4297 ties,
849 4209 1154 4280 maxime
1220 4210 1297 4279 in
1361 4206 1435 4309 §-
1483 4204 1632 4301 46,
1708 4205 1926 4312 xultra
1980 4205 2210 4300 fines,
2301 4200 2569 4306 quibus
2621 4201 2762 4299 ipsi

575 4334 708 4384 nos
752 4310 1570 4409 circumscripseramns,
1626 4311 1906 4410 evagati
1951 4336 2109 4385 esse
2146 4307 2515 4399 videmur,
2573 4300 2767 4402 apud
