<?xml version="1.0" encoding="UTF-8"?>
<!DOCTYPE html PUBLIC "-//W3C//DTD XHTML 1.0 Transitional//EN"
    "http://www.w3.org/TR/xhtml1/DTD/xhtml1-transitional.dtd">
<html xmlns="http://www.w3.org/1999/xhtml" xml:lang="en" lang="en">
 <head>
  <title>
</title>
<meta http-equiv="Content-Type" content="text/html;charset=utf-8" />
  <meta name='ocr-system' content='tesseract 3.04.00' />
  <meta name='ocr-capabilities' content='ocr_page ocr_carea ocr_par ocr_line ocrx_word'/>
</head>
<body>
  <div class='ocr_page' id='page_1' title='image "./degraecaelingua00unkngoog_0278.png"; bbox 0 0 2875 5000; ppageno 0'>
   <div class='ocr_carea' id='block_1_1' title="bbox 526 436 1969 536">
    <p class='ocr_par' dir='ltr' id='par_1_1' title="bbox 526 436 1969 536">
     <span class='ocr_line' id='line_1_1' title="bbox 526 436 1969 536; baseline -0.005 -20"><span class='ocrx_word' id='word_1_1' title='bbox 526 441 678 518; x_wconf 78' lang='lat'><strong>260</strong></span> <span class='ocrx_word' id='word_1_2' title='bbox 889 485 895 492; x_wconf 91' lang='lat'><strong>·</strong></span> <span class='ocrx_word' id='word_1_3' title='bbox 1245 441 1357 512; x_wconf 83' lang='lat' dir='ltr'><strong>De</strong></span> <span class='ocrx_word' id='word_1_4' title='bbox 1398 436 1969 536; x_wconf 80' lang='lat' dir='ltr'>pronominibus,</span> 
     </span>
    </p>
   </div>
   <div class='ocr_carea' id='block_1_2' title="bbox 510 639 2678 3889">
    <p class='ocr_par' dir='ltr' id='par_1_2' title="bbox 524 639 2656 1036">
     <span class='ocr_line' id='line_1_2' title="bbox 529 639 2650 734; baseline -0.003 -25"><span class='ocrx_word' id='word_1_5' title='bbox 529 643 585 709; x_wconf 86' lang='lat' dir='ltr'><strong>si</strong></span> <span class='ocrx_word' id='word_1_6' title='bbox 631 643 890 734; x_wconf 84' lang='lat' dir='ltr'><strong>quando</strong></span> <span class='ocrx_word' id='word_1_7' title='bbox 936 641 1015 707; x_wconf 88' lang='lat' dir='ltr'><strong>de</strong></span> <span class='ocrx_word' id='word_1_8' title='bbox 1062 641 1349 730; x_wconf 72' lang='lat' dir='ltr'><strong>syllabae</strong></span> <span class='ocrx_word' id='word_1_9' title='bbox 1393 642 1754 731; x_wconf 79' lang='lat' dir='ltr'><strong>quantitate</strong></span> <span class='ocrx_word' id='word_1_10' title='bbox 1791 664 2018 730; x_wconf 71' lang='lat' dir='ltr'><strong>parum</strong></span> <span class='ocrx_word' id='word_1_11' title='bbox 2060 648 2353 726; x_wconf 77' lang='lat' dir='ltr'><strong>constat,</strong></span> <span class='ocrx_word' id='word_1_12' title='bbox 2398 652 2464 705; x_wconf 87' lang='lat' dir='ltr'><strong>ut</strong></span> <span class='ocrx_word' id='word_1_13' title='bbox 2503 639 2650 704; x_wconf 84' lang='lat' dir='ltr'><strong>Cret.</strong></span> 
     </span>
     <span class='ocr_line' id='line_1_3' title="bbox 527 742 2656 835; baseline -0.002 -23"><span class='ocrx_word' id='word_1_14' title='bbox 527 745 730 829; x_wconf 82' lang='grc'>2555,</span> <span class='ocrx_word' id='word_1_15' title='bbox 798 743 1033 835; x_wconf 81' lang='lat' dir='ltr'><strong>Sophr.</strong></span> <span class='ocrx_word' id='word_1_16' title='bbox 1081 744 1188 812; x_wconf 82' lang='lat'><strong>50.</strong></span> <span class='ocrx_word' id='word_1_17' title='bbox 1237 745 1359 826; x_wconf 86' lang='lat'><strong>51,</strong></span> <span class='ocrx_word' id='word_1_18' title='bbox 1427 753 1491 809; x_wconf 88' lang='lat' dir='ltr'><strong>et</strong></span> <span class='ocrx_word' id='word_1_19' title='bbox 1547 744 1718 832; x_wconf 85' lang='lat' dir='ltr'><strong>apud</strong></span> <span class='ocrx_word' id='word_1_20' title='bbox 1770 743 2218 808; x_wconf 81' lang='lat' dir='ltr'><strong>Theocritum.</strong></span> <span class='ocrx_word' id='word_1_21' title='bbox 2320 742 2656 808; x_wconf 86' lang='lat' dir='ltr'><strong>Dindorfius</strong></span> 
     </span>
     <span class='ocr_line' id='line_1_4' title="bbox 524 842 2653 934; baseline -0.002 -22"><span class='ocrx_word' id='word_1_22' title='bbox 524 847 810 934; x_wconf 72' lang='lat' dir='ltr'><strong>Lysistr.</strong></span> <span class='ocrx_word' id='word_1_23' title='bbox 841 847 1025 912; x_wconf 84' lang='lat'><strong>1163.</strong></span> <span class='ocrx_word' id='word_1_24' title='bbox 1058 846 1224 912; x_wconf 85' lang='grc'><strong>1298</strong></span> <span class='ocrx_word' id='word_1_25' title='bbox 1268 848 1408 928; x_wconf 79' lang='grc' dir='ltr'><strong><em>ἆμίν</em></strong></span> <span class='ocrx_word' id='word_1_26' title='bbox 1452 845 1695 922; x_wconf 80' lang='lat' dir='ltr'><strong>edidit,</strong></span> <span class='ocrx_word' id='word_1_27' title='bbox 1739 842 2006 912; x_wconf 85' lang='lat' dir='ltr'><strong>ultimae</strong></span> <span class='ocrx_word' id='word_1_28' title='bbox 2047 868 2350 911; x_wconf 83' lang='lat' dir='ltr'><strong>mensura</strong></span> <span class='ocrx_word' id='word_1_29' title='bbox 2394 843 2653 933; x_wconf 76' lang='lat' dir='ltr'><strong>ancipite.</strong></span> 
     </span>
     <span class='ocr_line' id='line_1_5' title="bbox 525 941 2653 1036; baseline -0.003 -22"><span class='ocrx_word' id='word_1_30' title='bbox 525 946 706 1031; x_wconf 84' lang='lat' dir='ltr'><strong>Quid</strong></span> <span class='ocrx_word' id='word_1_31' title='bbox 750 947 818 1013; x_wconf 90' lang='lat' dir='ltr'><strong>in</strong></span> <span class='ocrx_word' id='word_1_32' title='bbox 862 941 982 1014; x_wconf 80' lang='lat' dir='ltr'><strong>hac</strong></span> <span class='ocrx_word' id='word_1_33' title='bbox 1026 973 1096 1015; x_wconf 89' lang='lat' dir='ltr'><strong>re</strong></span> <span class='ocrx_word' id='word_1_34' title='bbox 1130 947 1562 1033; x_wconf 79' lang='lat' dir='ltr'><strong>judicandum</strong></span> <span class='ocrx_word' id='word_1_35' title='bbox 1603 946 1712 1029; x_wconf 82' lang='lat' dir='ltr'><strong>sit,</strong></span> <span class='ocrx_word' id='word_1_36' title='bbox 1755 947 1824 1011; x_wconf 89' lang='lat' dir='ltr'><strong>in</strong></span> <span class='ocrx_word' id='word_1_37' title='bbox 1858 945 2179 1036; x_wconf 85' lang='lat' dir='ltr'><strong>proximis</strong></span> <span class='ocrx_word' id='word_1_38' title='bbox 2214 946 2653 1036; x_wconf 61' lang='lat' dir='ltr'><strong>patefaciemus.</strong></span> 
     </span>
    </p>

    <p class='ocr_par' dir='ltr' id='par_1_3' title="bbox 510 1044 2678 3889">
     <span class='ocr_line' id='line_1_6' title="bbox 698 1044 2653 1139; baseline -0.003 -23"><span class='ocrx_word' id='word_1_39' title='bbox 698 1074 916 1139; x_wconf 88' lang='lat' dir='ltr'><strong>pers.</strong></span> <span class='ocrx_word' id='word_1_40' title='bbox 964 1050 1027 1117; x_wconf 82' lang='lat'><strong>2.</strong></span> <span class='ocrx_word' id='word_1_41' title='bbox 1121 1052 1300 1132; x_wconf 74' lang='grc' dir='ltr'><strong>ὑμῖν</strong></span> <span class='ocrx_word' id='word_1_42' title='bbox 1366 1051 1431 1112; x_wconf 71' lang='grc' dir='ltr'><strong>ἐν</strong></span> <span class='ocrx_word' id='word_1_43' title='bbox 1495 1046 1670 1135; x_wconf 77' lang='grc' dir='ltr'><strong>ὀρθῇ</strong></span> <span class='ocrx_word' id='word_1_44' title='bbox 1721 1045 1898 1112; x_wconf 74' lang='grc' dir='ltr'>τάσει</span> <span class='ocrx_word' id='word_1_45' title='bbox 1954 1059 2020 1112; x_wconf 90' lang='lat' dir='ltr'><strong>et</strong></span> <span class='ocrx_word' id='word_1_46' title='bbox 2076 1047 2262 1129; x_wconf 74' lang='grc' dir='ltr'>ὗμιν</span> <span class='ocrx_word' id='word_1_47' title='bbox 2316 1049 2384 1113; x_wconf 90' lang='lat' dir='ltr'><strong>in</strong></span> <span class='ocrx_word' id='word_1_48' title='bbox 2437 1044 2653 1128; x_wconf 76' lang='lat' dir='ltr'><strong>enelisi,</strong></span> 
     </span>
     <span class='ocr_line' id='line_1_7' title="bbox 522 1146 2678 1241; baseline -0.003 -23"><span class='ocrx_word' id='word_1_49' title='bbox 522 1165 869 1241; x_wconf 83' lang='lat' dir='ltr'><strong>utrumque</strong></span> <span class='ocrx_word' id='word_1_50' title='bbox 931 1174 1079 1216; x_wconf 88' lang='lat' dir='ltr'><strong>cum</strong></span> <span class='ocrx_word' id='word_1_51' title='bbox 1149 1150 1375 1216; x_wconf 84' lang='lat' dir='ltr'><strong>ultima</strong></span> <span class='ocrx_word' id='word_1_52' title='bbox 1441 1149 1626 1216; x_wconf 80' lang='lat' dir='ltr'><strong>brevi</strong></span> <span class='ocrx_word' id='word_1_53' title='bbox 1691 1148 2051 1215; x_wconf 87' lang='lat' dir='ltr'><strong>secuudum</strong></span> <span class='ocrx_word' id='word_1_54' title='bbox 2113 1148 2530 1239; x_wconf 87' lang='lat' dir='ltr'><strong>Apollonium</strong></span> <span class='ocrx_word' id='word_1_55' title='bbox 2566 1146 2678 1231; x_wconf 72' lang='lat'><strong>33)‚.</strong></span> 
     </span>
     <span class='ocr_line' id='line_1_8' title="bbox 521 1246 2655 1343; baseline -0.004 -24"><span class='ocrx_word' id='word_1_56' title='bbox 521 1255 638 1343; x_wconf 86' lang='lat' dir='ltr'><strong>qui</strong></span> <span class='ocrx_word' id='word_1_57' title='bbox 682 1253 866 1319; x_wconf 82' lang='lat' dir='ltr'><strong>illius</strong></span> <span class='ocrx_word' id='word_1_58' title='bbox 910 1253 1275 1340; x_wconf 87' lang='lat' dir='ltr'><strong>exemplum</strong></span> <span class='ocrx_word' id='word_1_59' title='bbox 1322 1251 1559 1341; x_wconf 85' lang='lat' dir='ltr'><strong>Sophr.</strong></span> <span class='ocrx_word' id='word_1_60' title='bbox 1596 1252 1681 1319; x_wconf 85' lang='grc'><strong>82</strong></span> <span class='ocrx_word' id='word_1_61' title='bbox 1724 1250 2031 1340; x_wconf 83' lang='lat' dir='ltr'><strong>apponit,</strong></span> <span class='ocrx_word' id='word_1_62' title='bbox 2076 1253 2280 1339; x_wconf 82' lang='lat' dir='ltr'><strong>hujus</strong></span> <span class='ocrx_word' id='word_1_63' title='bbox 2325 1246 2543 1339; x_wconf 82' lang='lat' dir='ltr'><strong>Sophr.</strong></span> <span class='ocrx_word' id='word_1_64' title='bbox 2573 1251 2655 1316; x_wconf 89' lang='lat'><strong>81.</strong></span> 
     </span>
     <span class='ocr_line' id='line_1_9' title="bbox 519 1353 2660 1442; baseline -0.003 -22"><span class='ocrx_word' id='word_1_65' title='bbox 519 1355 688 1420; x_wconf 86' lang='lat' dir='ltr'><strong>Nam</strong></span> <span class='ocrx_word' id='word_1_66' title='bbox 731 1379 872 1419; x_wconf 86' lang='lat' dir='ltr'><strong>cam</strong></span> <span class='ocrx_word' id='word_1_67' title='bbox 919 1353 1322 1442; x_wconf 76' lang='lat' dir='ltr'><strong>grammatici</strong></span> <span class='ocrx_word' id='word_1_68' title='bbox 1364 1364 1645 1420; x_wconf 82' lang='lat' dir='ltr'><strong>mentem</strong></span> <span class='ocrx_word' id='word_1_69' title='bbox 1683 1377 1833 1419; x_wconf 88' lang='lat' dir='ltr'><strong>esse</strong></span> <span class='ocrx_word' id='word_1_70' title='bbox 1865 1356 2140 1422; x_wconf 80' lang='lat' dir='ltr'><strong>formam</strong></span> <span class='ocrx_word' id='word_1_71' title='bbox 2180 1353 2660 1433; x_wconf 73' lang='grc' dir='ltr'><strong><em>ὀρθοτονουμένην</em></strong></span> 
     </span>
     <span class='ocr_line' id='line_1_10' title="bbox 520 1454 2660 1582; baseline -0.001 -63"><span class='ocrx_word' id='word_1_72' title='bbox 520 1482 558 1519; x_wconf 90' lang='lat' dir='ltr'><strong>e</strong></span> <span class='ocrx_word' id='word_1_73' title='bbox 586 1455 926 1545; x_wconf 87' lang='lat' dir='ltr'><strong>Sophroue</strong></span> <span class='ocrx_word' id='word_1_74' title='bbox 969 1454 1340 1582; x_wconf 57' lang='lat' dir='ltr'><strong>afferentis,</strong></span> <span class='ocrx_word' id='word_1_75' title='bbox 1385 1478 1508 1520; x_wconf 85' lang='lat' dir='ltr'><strong>nec</strong></span> <span class='ocrx_word' id='word_1_76' title='bbox 1551 1466 1726 1521; x_wconf 89' lang='lat' dir='ltr'><strong>recte</strong></span> <span class='ocrx_word' id='word_1_77' title='bbox 1767 1458 1907 1539; x_wconf 75' lang='grc' dir='ltr'><strong>ὑμῖν</strong></span> <span class='ocrx_word' id='word_1_78' title='bbox 1948 1455 2198 1521; x_wconf 88' lang='lat' dir='ltr'><strong>editum</strong></span> <span class='ocrx_word' id='word_1_79' title='bbox 2244 1478 2412 1537; x_wconf 85' lang='lat' dir='ltr'><strong>esse,</strong></span> <span class='ocrx_word' id='word_1_80' title='bbox 2450 1465 2660 1543; x_wconf 83' lang='lat' dir='ltr'><strong>praeter</strong></span> 
     </span>
     <span class='ocr_line' id='line_1_11' title="bbox 518 1545 2661 1647; baseline -0.002 -24"><span class='ocrx_word' id='word_1_81' title='bbox 518 1558 932 1647; x_wconf 80' lang='lat' dir='ltr'><strong>pronominis</strong></span> <span class='ocrx_word' id='word_1_82' title='bbox 979 1559 1120 1640; x_wconf 76' lang='grc' dir='ltr'><em>ἆμίν</em></span> <span class='ocrx_word' id='word_1_83' title='bbox 1163 1556 1529 1647; x_wconf 78' lang='lat' dir='ltr'><strong>analogiam</strong></span> <span class='ocrx_word' id='word_1_84' title='bbox 1573 1557 1700 1624; x_wconf 88' lang='lat' dir='ltr'><strong>id</strong></span> <span class='ocrx_word' id='word_1_85' title='bbox 1680 1581 1914 1647; x_wconf 89' lang='lat' dir='ltr'><strong>1psum</strong></span> <span class='ocrx_word' id='word_1_86' title='bbox 1940 1556 2291 1647; x_wconf 76' lang='lat' dir='ltr'><strong>patefacit,</strong></span> <span class='ocrx_word' id='word_1_87' title='bbox 2358 1545 2518 1646; x_wconf 81' lang='lat' dir='ltr'><strong>quod</strong></span> <span class='ocrx_word' id='word_1_88' title='bbox 2555 1556 2661 1620; x_wconf 84' lang='lat' dir='ltr'><strong>Do·</strong></span> 
     </span>
     <span class='ocr_line' id='line_1_12' title="bbox 520 1656 2662 1750; baseline -0.001 -26"><span class='ocrx_word' id='word_1_89' title='bbox 520 1659 643 1724; x_wconf 87' lang='lat' dir='ltr'><strong>rici</strong></span> <span class='ocrx_word' id='word_1_90' title='bbox 687 1659 1028 1749; x_wconf 85' lang='lat' dir='ltr'><strong>scriptoris</strong></span> <span class='ocrx_word' id='word_1_91' title='bbox 1073 1660 1444 1750; x_wconf 83' lang='lat' dir='ltr'><strong>exemplum</strong></span> <span class='ocrx_word' id='word_1_92' title='bbox 1488 1683 1813 1748; x_wconf 88' lang='lat' dir='ltr'><strong>apponere</strong></span> <span class='ocrx_word' id='word_1_93' title='bbox 1852 1659 2161 1747; x_wconf 77' lang='lat' dir='ltr'><strong>dig-natus</strong></span> <span class='ocrx_word' id='word_1_94' title='bbox 2206 1670 2347 1742; x_wconf 85' lang='lat' dir='ltr'><strong>est,</strong></span> <span class='ocrx_word' id='word_1_95' title='bbox 2419 1659 2482 1722; x_wconf 92' lang='lat' dir='ltr'><strong>id</strong></span> <span class='ocrx_word' id='word_1_96' title='bbox 2521 1656 2662 1747; x_wconf 82' lang='lat' dir='ltr'><strong>quod</strong></span> 
     </span>
     <span class='ocr_line' id='line_1_13' title="bbox 520 1759 2663 1849; baseline -0.001 -23"><span class='ocrx_word' id='word_1_97' title='bbox 520 1761 631 1826; x_wconf 80' lang='lat' dir='ltr'><strong>vix</strong></span> <span class='ocrx_word' id='word_1_98' title='bbox 676 1761 965 1827; x_wconf 81' lang='lat' dir='ltr'><strong>facturus</strong></span> <span class='ocrx_word' id='word_1_99' title='bbox 1011 1773 1146 1827; x_wconf 88' lang='lat' dir='ltr'><strong>erat</strong></span> <span class='ocrx_word' id='word_1_100' title='bbox 1190 1760 1256 1825; x_wconf 88' lang='lat' dir='ltr'><strong>in</strong></span> <span class='ocrx_word' id='word_1_101' title='bbox 1305 1762 1560 1849; x_wconf 78' lang='lat' dir='ltr'><strong>vulgari</strong></span> <span class='ocrx_word' id='word_1_102' title='bbox 1605 1762 1812 1827; x_wconf 76' lang='lat' dir='ltr'><strong>forma</strong></span> <span class='ocrx_word' id='word_1_103' title='bbox 1854 1763 2018 1843; x_wconf 80' lang='grc' dir='ltr'>ὑμῖν.</span> <span class='ocrx_word' id='word_1_104' title='bbox 2108 1762 2194 1826; x_wconf 86' lang='grc' dir='ltr'><strong>Ιιι</strong></span> <span class='ocrx_word' id='word_1_105' title='bbox 2228 1760 2480 1827; x_wconf 86' lang='lat' dir='ltr'><strong>Cretico</strong></span> <span class='ocrx_word' id='word_1_106' title='bbox 2505 1759 2663 1825; x_wconf 86' lang='lat' dir='ltr'><strong>titulo</strong></span> 
     </span>
     <span class='ocr_line' id='line_1_14' title="bbox 521 1857 2664 1951; baseline -0.002 -24"><span class='ocrx_word' id='word_1_107' title='bbox 521 1887 622 1928; x_wconf 88' lang='lat' dir='ltr'><strong>nr.</strong></span> <span class='ocrx_word' id='word_1_108' title='bbox 669 1863 859 1939; x_wconf 86' lang='grc'>2557,</span> <span class='ocrx_word' id='word_1_109' title='bbox 905 1864 988 1931; x_wconf 87' lang='grc'>25</span> <span class='ocrx_word' id='word_1_110' title='bbox 1031 1888 1174 1945; x_wconf 75' lang='grc' dir='ltr'><strong>υμεν</strong></span> <span class='ocrx_word' id='word_1_111' title='bbox 1216 1857 1530 1944; x_wconf 84' lang='lat' dir='ltr'><strong>traditur,</strong></span> <span class='ocrx_word' id='word_1_112' title='bbox 1597 1862 1776 1951; x_wconf 85' lang='lat' dir='ltr'><strong>quod</strong></span> <span class='ocrx_word' id='word_1_113' title='bbox 1820 1862 2196 1930; x_wconf 76' lang='lat' dir='ltr'><strong>Boeckhius</strong></span> <span class='ocrx_word' id='word_1_114' title='bbox 2256 1865 2367 1930; x_wconf 82' lang='lat' dir='ltr'><strong>vix</strong></span> <span class='ocrx_word' id='word_1_115' title='bbox 2417 1873 2576 1928; x_wconf 83' lang='lat' dir='ltr'><strong>recte</strong></span> <span class='ocrx_word' id='word_1_116' title='bbox 2610 1860 2664 1923; x_wconf 86' lang='lat' dir='ltr'><strong>in</strong></span> 
     </span>
     <span class='ocr_line' id='line_1_15' title="bbox 517 1964 2664 2054; baseline -0 -27"><span class='ocrx_word' id='word_1_117' title='bbox 517 1966 689 2047; x_wconf 74' lang='grc' dir='ltr'><em>ὑμεῖν</em></span> <span class='ocrx_word' id='word_1_118' title='bbox 746 1964 1019 2030; x_wconf 84' lang='lat' dir='ltr'><strong>mutavit</strong></span> <span class='ocrx_word' id='word_1_119' title='bbox 1044 2014 1066 2049; x_wconf 84' lang='lat'><strong>,</strong></span> <span class='ocrx_word' id='word_1_120' title='bbox 1129 1989 1327 2053; x_wconf 87' lang='lat' dir='ltr'><strong>quum</strong></span> <span class='ocrx_word' id='word_1_121' title='bbox 1387 1967 1548 2030; x_wconf 82' lang='lat' dir='ltr'><strong>haec</strong></span> <span class='ocrx_word' id='word_1_122' title='bbox 1591 1965 2039 2030; x_wconf 81' lang='lat' dir='ltr'><strong>recentissima</strong></span> <span class='ocrx_word' id='word_1_123' title='bbox 2083 1965 2444 2054; x_wconf 71' lang='lat' dir='ltr'><strong>scripturae</strong></span> <span class='ocrx_word' id='word_1_124' title='bbox 2483 1986 2664 2030; x_wconf 84' lang='lat' dir='ltr'><strong>corru-</strong></span> 
     </span>
     <span class='ocr_line' id='line_1_16' title="bbox 518 2065 2663 2156; baseline -0.002 -25"><span class='ocrx_word' id='word_1_125' title='bbox 518 2068 692 2156; x_wconf 82' lang='lat' dir='ltr'><strong>ptela</strong></span> <span class='ocrx_word' id='word_1_126' title='bbox 735 2067 817 2132; x_wconf 83' lang='lat' dir='ltr'><strong>ab</strong></span> <span class='ocrx_word' id='word_1_127' title='bbox 863 2067 1006 2151; x_wconf 87' lang='lat' dir='ltr'><strong>ejus</strong></span> <span class='ocrx_word' id='word_1_128' title='bbox 1050 2065 1227 2131; x_wconf 90' lang='lat' dir='ltr'><strong>tituli</strong></span> <span class='ocrx_word' id='word_1_129' title='bbox 1270 2078 1476 2132; x_wconf 80' lang='lat' dir='ltr'><strong>aetate</strong></span> <span class='ocrx_word' id='word_1_130' title='bbox 1519 2065 1730 2131; x_wconf 84' lang='lat' dir='ltr'><strong>aliena</strong></span> <span class='ocrx_word' id='word_1_131' title='bbox 1775 2066 1900 2151; x_wconf 76' lang='lat' dir='ltr'><strong>sit3</strong></span> <span class='ocrx_word' id='word_1_132' title='bbox 1946 2066 2169 2156; x_wconf 88' lang='lat' dir='ltr'><strong>potius</strong></span> <span class='ocrx_word' id='word_1_133' title='bbox 2213 2069 2352 2148; x_wconf 74' lang='grc' dir='ltr'><strong>ὑμῖν</strong></span> <span class='ocrx_word' id='word_1_134' title='bbox 2379 2066 2663 2153; x_wconf 74' lang='lat' dir='ltr'><strong>corrigen-</strong></span> 
     </span>
     <span class='ocr_line' id='line_1_17' title="bbox 522 2163 2662 2258; baseline -0.003 -25"><span class='ocrx_word' id='word_1_135' title='bbox 522 2167 675 2233; x_wconf 89' lang='lat' dir='ltr'><strong>dum</strong></span> <span class='ocrx_word' id='word_1_136' title='bbox 730 2163 1009 2231; x_wconf 80' lang='lat' dir='ltr'><strong>videtur.</strong></span> <span class='ocrx_word' id='word_1_137' title='bbox 1082 2209 1164 2219; x_wconf 92' lang='lat'><strong>—</strong></span> <span class='ocrx_word' id='word_1_138' title='bbox 1247 2167 1395 2234; x_wconf 84' lang='lat' dir='ltr'><strong>Jam</strong></span> <span class='ocrx_word' id='word_1_139' title='bbox 1454 2179 1651 2233; x_wconf 83' lang='lat' dir='ltr'><strong>restat</strong></span> <span class='ocrx_word' id='word_1_140' title='bbox 1710 2181 1780 2232; x_wconf 91' lang='lat' dir='ltr'><strong>ut</strong></span> <span class='ocrx_word' id='word_1_141' title='bbox 1835 2169 1915 2234; x_wconf 89' lang='lat' dir='ltr'><strong>de</strong></span> <span class='ocrx_word' id='word_1_142' title='bbox 1973 2169 2244 2235; x_wconf 79' lang='lat' dir='ltr'><strong>ultimae</strong></span> <span class='ocrx_word' id='word_1_143' title='bbox 2302 2168 2573 2258; x_wconf 69' lang='lat' dir='ltr'><strong>syllabae</strong></span> <span class='ocrx_word' id='word_1_144' title='bbox 2608 2164 2662 2228; x_wconf 86' lang='lat' dir='ltr'><strong>in</strong></span> 
     </span>
     <span class='ocr_line' id='line_1_18' title="bbox 519 2268 2662 2362; baseline -0.003 -27"><span class='ocrx_word' id='word_1_145' title='bbox 519 2268 1076 2362; x_wconf 83' lang='lat' dir='ltr'><strong>orthotonumenis</strong></span> <span class='ocrx_word' id='word_1_146' title='bbox 1124 2270 1265 2351; x_wconf 80' lang='grc' dir='ltr'><em>ἆμίν</em></span> <span class='ocrx_word' id='word_1_147' title='bbox 1309 2280 1375 2336; x_wconf 89' lang='lat' dir='ltr'><strong>et</strong></span> <span class='ocrx_word' id='word_1_148' title='bbox 1414 2271 1555 2352; x_wconf 69' lang='grc' dir='ltr'><strong>ὑμῖν</strong></span> <span class='ocrx_word' id='word_1_149' title='bbox 1609 2273 1967 2358; x_wconf 84' lang='lat' dir='ltr'><strong>quantitate</strong></span> <span class='ocrx_word' id='word_1_150' title='bbox 2009 2282 2073 2335; x_wconf 87' lang='lat' dir='ltr'><strong>et</strong></span> <span class='ocrx_word' id='word_1_151' title='bbox 2113 2281 2385 2338; x_wconf 80' lang='lat' dir='ltr'><strong>accentu</strong></span> <span class='ocrx_word' id='word_1_152' title='bbox 2431 2268 2662 2337; x_wconf 78' lang='lat' dir='ltr'><strong>certiora</strong></span> 
     </span>
     <span class='ocr_line' id='line_1_19' title="bbox 519 2368 2663 2462; baseline -0.002 -27"><span class='ocrx_word' id='word_1_153' title='bbox 519 2370 1015 2435; x_wconf 81' lang='lat' dir='ltr'><strong>constituamus.</strong></span> <span class='ocrx_word' id='word_1_154' title='bbox 1129 2370 1274 2436; x_wconf 87' lang='lat' dir='ltr'><strong>Hoc</strong></span> <span class='ocrx_word' id='word_1_155' title='bbox 1317 2383 1623 2460; x_wconf 86' lang='lat' dir='ltr'><strong>apparet,</strong></span> <span class='ocrx_word' id='word_1_156' title='bbox 1684 2371 1831 2437; x_wconf 86' lang='lat' dir='ltr'><strong>fieri</strong></span> <span class='ocrx_word' id='word_1_157' title='bbox 1884 2372 2220 2462; x_wconf 85' lang='lat' dir='ltr'><strong>potuisse,</strong></span> <span class='ocrx_word' id='word_1_158' title='bbox 2287 2384 2358 2437; x_wconf 90' lang='lat' dir='ltr'><strong>ut</strong></span> <span class='ocrx_word' id='word_1_159' title='bbox 2400 2383 2462 2438; x_wconf 84' lang='lat' dir='ltr'><strong>et</strong></span> <span class='ocrx_word' id='word_1_160' title='bbox 2500 2368 2663 2435; x_wconf 85' lang='lat' dir='ltr'><strong>corri-</strong></span> 
     </span>
     <span class='ocr_line' id='line_1_20' title="bbox 516 2470 2661 2564; baseline -0.001 -25"><span class='ocrx_word' id='word_1_161' title='bbox 516 2483 779 2562; x_wconf 87' lang='lat' dir='ltr'><strong>peretur</strong></span> <span class='ocrx_word' id='word_1_162' title='bbox 822 2483 885 2537; x_wconf 90' lang='lat' dir='ltr'><strong>ct</strong></span> <span class='ocrx_word' id='word_1_163' title='bbox 926 2485 1311 2557; x_wconf 78' lang='lat' dir='ltr'><strong>acueretur3</strong></span> <span class='ocrx_word' id='word_1_164' title='bbox 1382 2472 1604 2539; x_wconf 88' lang='lat' dir='ltr'><strong>minus</strong></span> <span class='ocrx_word' id='word_1_165' title='bbox 1647 2484 1900 2543; x_wconf 84' lang='lat' dir='ltr'><strong>constat</strong></span> <span class='ocrx_word' id='word_1_166' title='bbox 1941 2474 2022 2540; x_wconf 90' lang='lat' dir='ltr'><strong>de</strong></span> <span class='ocrx_word' id='word_1_167' title='bbox 2066 2474 2336 2542; x_wconf 89' lang='lat' dir='ltr'><strong>ultimae</strong></span> <span class='ocrx_word' id='word_1_168' title='bbox 2376 2470 2661 2564; x_wconf 83' lang='lat' dir='ltr'><strong>producti·</strong></span> 
     </span>
     <span class='ocr_line' id='line_1_21' title="bbox 520 2576 2661 2665; baseline -0.002 -25"><span class='ocrx_word' id='word_1_169' title='bbox 520 2596 684 2657; x_wconf 84' lang='lat' dir='ltr'><strong>one,</strong></span> <span class='ocrx_word' id='word_1_170' title='bbox 750 2599 954 2665; x_wconf 87' lang='lat' dir='ltr'><strong>quum</strong></span> <span class='ocrx_word' id='word_1_171' title='bbox 1003 2589 1067 2643; x_wconf 87' lang='lat' dir='ltr'><strong>et</strong></span> <span class='ocrx_word' id='word_1_172' title='bbox 1108 2577 1583 2665; x_wconf 60' lang='lat' dir='ltr'><strong>Aristophanes</strong></span> <span class='ocrx_word' id='word_1_173' title='bbox 1644 2587 1708 2641; x_wconf 87' lang='lat' dir='ltr'><strong>et</strong></span> <span class='ocrx_word' id='word_1_174' title='bbox 1749 2576 2140 2643; x_wconf 85' lang='lat' dir='ltr'><strong>Theocritus</strong></span> <span class='ocrx_word' id='word_1_175' title='bbox 2204 2602 2343 2645; x_wconf 84' lang='lat' dir='ltr'><strong>eam</strong></span> <span class='ocrx_word' id='word_1_176' title='bbox 2385 2576 2661 2643; x_wconf 86' lang='lat' dir='ltr'><strong>rationem</strong></span> 
     </span>
     <span class='ocr_line' id='line_1_22' title="bbox 518 2677 2661 2770; baseline -0.001 -29"><span class='ocrx_word' id='word_1_177' title='bbox 518 2677 710 2741; x_wconf 80' lang='lat' dir='ltr'><strong>facile</strong></span> <span class='ocrx_word' id='word_1_178' title='bbox 752 2701 788 2742; x_wconf 87' lang='lat' dir='ltr'><strong>c</strong></span> <span class='ocrx_word' id='word_1_179' title='bbox 834 2678 1088 2768; x_wconf 79' lang='lat' dir='ltr'><strong>vulgari</strong></span> <span class='ocrx_word' id='word_1_180' title='bbox 1136 2678 1362 2767; x_wconf 79' lang='lat' dir='ltr'><strong>lingua</strong></span> <span class='ocrx_word' id='word_1_181' title='bbox 1406 2679 1730 2745; x_wconf 83' lang='lat' dir='ltr'><strong>asciscere</strong></span> <span class='ocrx_word' id='word_1_182' title='bbox 1773 2683 2126 2767; x_wconf 86' lang='lat' dir='ltr'><strong>potuerint.</strong></span> <span class='ocrx_word' id='word_1_183' title='bbox 2219 2681 2350 2748; x_wconf 91' lang='lat' dir='ltr'><strong>Sed</strong></span> <span class='ocrx_word' id='word_1_184' title='bbox 2380 2677 2661 2770; x_wconf 78' lang='lat' dir='ltr'><strong>genuinae</strong></span> 
     </span>
     <span class='ocr_line' id='line_1_23' title="bbox 518 2778 2661 2871; baseline -0.001 -30"><span class='ocrx_word' id='word_1_185' title='bbox 518 2801 780 2867; x_wconf 84' lang='lat' dir='ltr'><strong>quoque</strong></span> <span class='ocrx_word' id='word_1_186' title='bbox 823 2779 1060 2846; x_wconf 88' lang='lat' dir='ltr'><strong>Doridi</strong></span> <span class='ocrx_word' id='word_1_187' title='bbox 1105 2802 1242 2845; x_wconf 86' lang='lat' dir='ltr'><strong>eam</strong></span> <span class='ocrx_word' id='word_1_188' title='bbox 1301 2779 1617 2861; x_wconf 85' lang='lat' dir='ltr'><strong>licuisse,</strong></span> <span class='ocrx_word' id='word_1_189' title='bbox 1682 2805 1718 2845; x_wconf 91' lang='lat' dir='ltr'><strong>e</strong></span> <span class='ocrx_word' id='word_1_190' title='bbox 1774 2779 2209 2870; x_wconf 78' lang='lat' dir='ltr'><strong>genitivorum</strong></span> <span class='ocrx_word' id='word_1_191' title='bbox 2270 2778 2661 2871; x_wconf 76' lang='lat' dir='ltr'><strong>singularium</strong></span> 
     </span>
     <span class='ocr_line' id='line_1_24' title="bbox 519 2881 2659 2974; baseline 0 -33"><span class='ocrx_word' id='word_1_192' title='bbox 519 2881 649 2959; x_wconf 76' lang='grc' dir='ltr'><strong>ἐμίν</strong></span> <span class='ocrx_word' id='word_1_193' title='bbox 712 2893 776 2946; x_wconf 89' lang='lat' dir='ltr'><strong>et</strong></span> <span class='ocrx_word' id='word_1_194' title='bbox 840 2884 929 2943; x_wconf 81' lang='grc' dir='ltr'><strong>τίν</strong></span> <span class='ocrx_word' id='word_1_195' title='bbox 992 2882 1305 2969; x_wconf 64' lang='lat' dir='ltr'><strong>analogia„</strong></span> <span class='ocrx_word' id='word_1_196' title='bbox 1355 2881 1771 2972; x_wconf 75' lang='lat' dir='ltr'><strong>colligimuS‚</strong></span> <span class='ocrx_word' id='word_1_197' title='bbox 1861 2905 2137 2974; x_wconf 87' lang='lat' dir='ltr'><strong>quorum</strong></span> <span class='ocrx_word' id='word_1_198' title='bbox 2203 2884 2659 2973; x_wconf 85' lang='lat' dir='ltr'><strong>productionem</strong></span> 
     </span>
     <span class='ocr_line' id='line_1_25' title="bbox 517 2979 2660 3074; baseline 0.001 -30"><span class='ocrx_word' id='word_1_199' title='bbox 517 2979 911 3049; x_wconf 87' lang='lat' dir='ltr'><strong>Theocritus</strong></span> <span class='ocrx_word' id='word_1_200' title='bbox 954 3008 989 3049; x_wconf 91' lang='lat' dir='ltr'><strong>e</strong></span> <span class='ocrx_word' id='word_1_201' title='bbox 1037 2984 1292 3074; x_wconf 79' lang='lat' dir='ltr'><strong>vulgari</strong></span> <span class='ocrx_word' id='word_1_202' title='bbox 1336 2983 1564 3072; x_wconf 75' lang='lat' dir='ltr'><strong>lingua</strong></span> <span class='ocrx_word' id='word_1_203' title='bbox 1607 2985 1955 3049; x_wconf 81' lang='lat' dir='ltr'><strong>transferre</strong></span> <span class='ocrx_word' id='word_1_204' title='bbox 2000 3008 2129 3050; x_wconf 91' lang='lat' dir='ltr'><strong>non</strong></span> <span class='ocrx_word' id='word_1_205' title='bbox 2173 2996 2446 3074; x_wconf 75' lang='lat' dir='ltr'><strong>poterat.</strong></span> <span class='ocrx_word' id='word_1_206' title='bbox 2528 2979 2660 3047; x_wconf 73' lang='lat' dir='ltr'><strong>Utut</strong></span> 
     </span>
     <span class='ocr_line' id='line_1_26' title="bbox 517 3085 2657 3176; baseline -0.002 -28"><span class='ocrx_word' id='word_1_207' title='bbox 517 3095 614 3148; x_wconf 89' lang='lat' dir='ltr'><strong>est</strong></span> <span class='ocrx_word' id='word_1_208' title='bbox 641 3130 660 3165; x_wconf 88' lang='lat'><strong>,</strong></span> <span class='ocrx_word' id='word_1_209' title='bbox 722 3086 924 3174; x_wconf 76' lang='lat' dir='ltr'><strong>vulgo</strong></span> <span class='ocrx_word' id='word_1_210' title='bbox 969 3086 1280 3175; x_wconf 73' lang='lat' dir='ltr'><strong>syllabam</strong></span> <span class='ocrx_word' id='word_1_211' title='bbox 1327 3098 1688 3175; x_wconf 89' lang='lat' dir='ltr'><strong>correptam</strong></span> <span class='ocrx_word' id='word_1_212' title='bbox 1732 3110 1877 3151; x_wconf 88' lang='lat' dir='ltr'><strong>esse</strong></span> <span class='ocrx_word' id='word_1_213' title='bbox 1920 3098 1985 3157; x_wconf 83' lang='lat' dir='ltr'><strong>et</strong></span> <span class='ocrx_word' id='word_1_214' title='bbox 2022 3086 2371 3176; x_wconf 88' lang='lat' dir='ltr'><strong>Apollonii</strong></span> <span class='ocrx_word' id='word_1_215' title='bbox 2412 3085 2657 3172; x_wconf 85' lang='lat' dir='ltr'><strong>reliquo-</strong></span> 
     </span>
     <span class='ocr_line' id='line_1_27' title="bbox 514 3180 2656 3279; baseline -0.002 -30"><span class='ocrx_word' id='word_1_216' title='bbox 514 3209 793 3274; x_wconf 88' lang='lat' dir='ltr'><strong>rumque</strong></span> <span class='ocrx_word' id='word_1_217' title='bbox 857 3188 1058 3253; x_wconf 87' lang='lat' dir='ltr'><strong>altum</strong></span> <span class='ocrx_word' id='word_1_218' title='bbox 1126 3188 1205 3254; x_wconf 91' lang='lat' dir='ltr'><strong>de</strong></span> <span class='ocrx_word' id='word_1_219' title='bbox 1262 3188 1689 3279; x_wconf 89' lang='lat' dir='ltr'><strong>productione</strong></span> <span class='ocrx_word' id='word_1_220' title='bbox 1749 3188 2084 3254; x_wconf 84' lang='lat' dir='ltr'><strong>silentium</strong></span> <span class='ocrx_word' id='word_1_221' title='bbox 2129 3186 2373 3254; x_wconf 86' lang='lat' dir='ltr'><strong>evincit</strong></span> <span class='ocrx_word' id='word_1_222' title='bbox 2414 3199 2475 3253; x_wconf 91' lang='lat' dir='ltr'><strong>et</strong></span> <span class='ocrx_word' id='word_1_223' title='bbox 2513 3180 2656 3276; x_wconf 83' lang='lat' dir='ltr'><strong>quod</strong></span> 
     </span>
     <span class='ocr_line' id='line_1_28' title="bbox 516 3284 2657 3405; baseline 0.001 -56"><span class='ocrx_word' id='word_1_224' title='bbox 516 3286 968 3405; x_wconf 85' lang='lat' dir='ltr'><strong>correptionis</strong></span> <span class='ocrx_word' id='word_1_225' title='bbox 993 3286 1061 3353; x_wconf 91' lang='lat' dir='ltr'><strong>in</strong></span> <span class='ocrx_word' id='word_1_226' title='bbox 1110 3292 1249 3370; x_wconf 82' lang='grc' dir='ltr'><em>ἆμίν</em></span> <span class='ocrx_word' id='word_1_227' title='bbox 1293 3284 1372 3354; x_wconf 92' lang='lat' dir='ltr'><strong>et</strong></span> <span class='ocrx_word' id='word_1_228' title='bbox 1404 3292 1543 3372; x_wconf 76' lang='grc' dir='ltr'><strong>ὑμῖν</strong></span> <span class='ocrx_word' id='word_1_229' title='bbox 1586 3290 1666 3354; x_wconf 85' lang='lat' dir='ltr'><strong>ab</strong></span> <span class='ocrx_word' id='word_1_230' title='bbox 1694 3289 2053 3379; x_wconf 87' lang='lat' dir='ltr'><strong>Apollonio</strong></span> <span class='ocrx_word' id='word_1_231' title='bbox 2095 3315 2169 3355; x_wconf 87' lang='lat' dir='ltr'><strong>ea</strong></span> <span class='ocrx_word' id='word_1_232' title='bbox 2219 3289 2504 3380; x_wconf 85' lang='lat' dir='ltr'><strong>exempla</strong></span> <span class='ocrx_word' id='word_1_233' title='bbox 2537 3307 2657 3376; x_wconf 85' lang='lat' dir='ltr'><strong>pro·</strong></span> 
     </span>
     <span class='ocr_line' id='line_1_29' title="bbox 513 3376 2656 3489; baseline 0.001 -40"><span class='ocrx_word' id='word_1_234' title='bbox 513 3398 883 3475; x_wconf 85' lang='lat' dir='ltr'><strong>ponuntur,</strong></span> <span class='ocrx_word' id='word_1_235' title='bbox 951 3389 1017 3453; x_wconf 89' lang='lat' dir='ltr'><strong>in</strong></span> <span class='ocrx_word' id='word_1_236' title='bbox 1079 3376 1319 3489; x_wconf 84' lang='lat' dir='ltr'><strong>quibus</strong></span> <span class='ocrx_word' id='word_1_237' title='bbox 1378 3393 1705 3480; x_wconf 85' lang='lat' dir='ltr'><strong>quantitas</strong></span> <span class='ocrx_word' id='word_1_238' title='bbox 1761 3416 1894 3458; x_wconf 88' lang='lat' dir='ltr'><strong>non</strong></span> <span class='ocrx_word' id='word_1_239' title='bbox 1936 3415 2126 3457; x_wconf 85' lang='lat' dir='ltr'><strong>versu</strong></span> <span class='ocrx_word' id='word_1_240' title='bbox 2169 3403 2503 3483; x_wconf 83' lang='lat' dir='ltr'><strong>appareat,</strong></span> <span class='ocrx_word' id='word_1_241' title='bbox 2560 3385 2656 3451; x_wconf 86' lang='lat' dir='ltr'><strong>Al-</strong></span> 
     </span>
     <span class='ocr_line' id='line_1_30' title="bbox 513 3488 2655 3585; baseline -0.002 -30"><span class='ocrx_word' id='word_1_242' title='bbox 513 3488 878 3555; x_wconf 86' lang='lat' dir='ltr'><strong>cmanicum</strong></span> <span class='ocrx_word' id='word_1_243' title='bbox 938 3491 1021 3555; x_wconf 84' lang='lat' dir='ltr'><strong>fr.</strong></span> <span class='ocrx_word' id='word_1_244' title='bbox 1069 3490 1145 3556; x_wconf 86' lang='grc'><strong>61</strong></span> <span class='ocrx_word' id='word_1_245' title='bbox 1198 3490 1335 3570; x_wconf 87' lang='lat'>(75)</span> <span class='ocrx_word' id='word_1_246' title='bbox 1401 3494 1542 3572; x_wconf 77' lang='grc' dir='ltr'><strong>ἁμῖν</strong></span> <span class='ocrx_word' id='word_1_247' title='bbox 1600 3492 1665 3556; x_wconf 82' lang='grc' dir='ltr'><strong>δ’</strong></span> <span class='ocrx_word' id='word_1_248' title='bbox 1722 3494 2058 3571; x_wconf 82' lang='grc' dir='ltr'>ὖπαυλήσει</span> <span class='ocrx_word' id='word_1_249' title='bbox 2117 3505 2180 3558; x_wconf 90' lang='lat' dir='ltr'><strong>ct</strong></span> <span class='ocrx_word' id='word_1_250' title='bbox 2238 3493 2655 3585; x_wconf 86' lang='lat' dir='ltr'><strong>Sophroncum</strong></span> 
     </span>
     <span class='ocr_line' id='line_1_31' title="bbox 512 3591 2655 3689; baseline -0.001 -35"><span class='ocrx_word' id='word_1_251' title='bbox 512 3592 597 3655; x_wconf 79' lang='lat' dir='ltr'><strong>fr.</strong></span> <span class='ocrx_word' id='word_1_252' title='bbox 645 3593 730 3659; x_wconf 89' lang='grc'><strong>82</strong></span> <span class='ocrx_word' id='word_1_253' title='bbox 787 3591 1126 3683; x_wconf 86' lang='lat' dir='ltr'><strong>scriptoris</strong></span> <span class='ocrx_word' id='word_1_254' title='bbox 1181 3592 1469 3682; x_wconf 86' lang='lat' dir='ltr'><strong>pedestri</strong></span> <span class='ocrx_word' id='word_1_255' title='bbox 1540 3596 1830 3661; x_wconf 87' lang='lat' dir='ltr'><strong>oratione</strong></span> <span class='ocrx_word' id='word_1_256' title='bbox 1894 3595 2021 3660; x_wconf 87' lang='lat' dir='ltr'><strong>usi.</strong></span> <span class='ocrx_word' id='word_1_257' title='bbox 2133 3596 2362 3689; x_wconf 85' lang='lat' dir='ltr'><strong>ltaque</strong></span> <span class='ocrx_word' id='word_1_258' title='bbox 2422 3595 2552 3675; x_wconf 75' lang='grc' dir='ltr'><strong>ἁμῖν</strong></span> <span class='ocrx_word' id='word_1_259' title='bbox 2605 3597 2655 3652; x_wconf 86' lang='lat' dir='ltr'><strong>et</strong></span> 
     </span>
     <span class='ocr_line' id='line_1_32' title="bbox 510 3694 2649 3787; baseline 0.002 -31"><span class='ocrx_word' id='word_1_260' title='bbox 510 3695 650 3774; x_wconf 77' lang='grc' dir='ltr'><strong>ὑμίν</strong></span> <span class='ocrx_word' id='word_1_261' title='bbox 694 3695 761 3759; x_wconf 87' lang='grc' dir='ltr'><strong>ἰιι</strong></span> <span class='ocrx_word' id='word_1_262' title='bbox 806 3694 1072 3761; x_wconf 88' lang='lat' dir='ltr'><strong>Doricis</strong></span> <span class='ocrx_word' id='word_1_263' title='bbox 1117 3694 1439 3761; x_wconf 88' lang='lat' dir='ltr'><strong>edendum</strong></span> <span class='ocrx_word' id='word_1_264' title='bbox 1485 3707 1619 3778; x_wconf 86' lang='lat' dir='ltr'><strong>est,</strong></span> <span class='ocrx_word' id='word_1_265' title='bbox 1684 3698 2062 3787; x_wconf 85' lang='lat' dir='ltr'><strong>ubicunque</strong></span> <span class='ocrx_word' id='word_1_266' title='bbox 2130 3697 2210 3761; x_wconf 88' lang='lat' dir='ltr'><strong>de</strong></span> <span class='ocrx_word' id='word_1_267' title='bbox 2274 3697 2492 3764; x_wconf 85' lang='lat' dir='ltr'><strong>ultima</strong></span> <span class='ocrx_word' id='word_1_268' title='bbox 2528 3713 2649 3785; x_wconf 81' lang='lat' dir='ltr'><strong>pro·</strong></span> 
     </span>
     <span class='ocr_line' id='line_1_33' title="bbox 512 3787 2651 3889; baseline 0 -29"><span class='ocrx_word' id='word_1_269' title='bbox 512 3794 702 3862; x_wconf 88' lang='lat' dir='ltr'><strong>ducta</strong></span> <span class='ocrx_word' id='word_1_270' title='bbox 750 3821 882 3863; x_wconf 90' lang='lat' dir='ltr'><strong>non</strong></span> <span class='ocrx_word' id='word_1_271' title='bbox 914 3809 1188 3863; x_wconf 79' lang='lat' dir='ltr'><strong>constat.</strong></span> <span class='ocrx_word' id='word_1_272' title='bbox 1276 3796 1370 3864; x_wconf 87' lang='lat' dir='ltr'><strong>At</strong></span> <span class='ocrx_word' id='word_1_273' title='bbox 1412 3822 1497 3864; x_wconf 88' lang='lat' dir='ltr'><strong>ne</strong></span> <span class='ocrx_word' id='word_1_274' title='bbox 1542 3799 1919 3888; x_wconf 88' lang='lat' dir='ltr'><strong>productam</strong></span> <span class='ocrx_word' id='word_1_275' title='bbox 1962 3798 2227 3889; x_wconf 86' lang='lat' dir='ltr'><strong>quidem</strong></span> <span class='ocrx_word' id='word_1_276' title='bbox 2273 3787 2651 3866; x_wconf 80' lang='lat' dir='ltr'><strong>circumflecti</strong></span> 
     </span>
    </p>
   </div>
   <div class='ocr_carea' id='block_1_3' title="bbox 449 4062 2647 4320">
    <p class='ocr_par' dir='ltr' id='par_1_4' title="bbox 449 4062 2647 4320">
     <span class='ocr_line' id='line_1_34' title="bbox 576 4062 2643 4145; baseline 0.008 -30"><span class='ocrx_word' id='word_1_277' title='bbox 576 4063 668 4126; x_wconf 79' lang='lat'><strong>33)</strong></span> <span class='ocrx_word' id='word_1_278' title='bbox 739 4062 1271 4131; x_wconf 74' lang='lat' dir='ltr'><strong>Aponon.124.B.</strong></span> <span class='ocrx_word' id='word_1_279' title='bbox 1346 4065 1510 4122; x_wconf 73' lang='grc' dir='ltr'>πάλιν</span> <span class='ocrx_word' id='word_1_280' title='bbox 1548 4088 1660 4142; x_wconf 78' lang='grc' dir='ltr'><strong>παρ</strong></span> <span class='ocrx_word' id='word_1_281' title='bbox 1669 4067 1853 4123; x_wconf 74' lang='grc' dir='ltr'>’Ἴωσι</span> <span class='ocrx_word' id='word_1_282' title='bbox 1886 4079 2311 4145; x_wconf 75' lang='grc' dir='ltr'>προπερισπᾶτα</span> <span class='ocrx_word' id='word_1_283' title='bbox 2343 4074 2424 4138; x_wconf 56' lang='lat' dir='ltr'><strong>§ny</strong></span> <span class='ocrx_word' id='word_1_284' title='bbox 2398 4067 2643 4132; x_wconf 53' lang='grc' dir='ltr'><strong>κλινῠμὲθη</strong></span> 
     </span>
     <span class='ocr_line' id='line_1_35' title="bbox 449 4144 2645 4229; baseline 0.005 -30"><span class='ocrx_word' id='word_1_285' title='bbox 449 4144 949 4204; x_wconf 74' lang='grc' dir='ltr'>’καθὸσυστέλλει</span> <span class='ocrx_word' id='word_1_286' title='bbox 981 4150 1134 4208; x_wconf 82' lang='grc' dir='ltr'><strong>τὸῖ·</strong></span> <span class='ocrx_word' id='word_1_287' title='bbox 1205 4155 1910 4229; x_wconf 69' lang='grc' dir='ltr'>καὶέτιπαρὰΔωριῦιεσν</span> <span class='ocrx_word' id='word_1_288' title='bbox 1881 4157 2242 4221; x_wconf 67' lang='grc' dir='ltr'>ινὸσαιις</span> <span class='ocrx_word' id='word_1_289' title='bbox 2224 4153 2645 4224; x_wconf 51' lang='lat' dir='ltr'><strong>maroveus</strong></span> 
     </span>
     <span class='ocr_line' id='line_1_36' title="bbox 507 4232 2647 4320; baseline 0.007 -34"><span class='ocrx_word' id='word_1_290' title='bbox 507 4232 757 4308; x_wconf 68' lang='grc' dir='ltr'><strong><em>Σώφρων.</em></strong></span> <span class='ocrx_word' id='word_1_291' title='bbox 829 4240 916 4290; x_wconf 80' lang='grc' dir='ltr'><strong>καὶ</strong></span> <span class='ocrx_word' id='word_1_292' title='bbox 948 4239 1000 4292; x_wconf 72' lang='grc' dir='ltr'><strong>ἐν</strong></span> <span class='ocrx_word' id='word_1_293' title='bbox 1033 4240 1176 4314; x_wconf 79' lang='grc' dir='ltr'><strong>ὀρθῇ</strong></span> <span class='ocrx_word' id='word_1_294' title='bbox 1209 4239 1387 4294; x_wconf 75' lang='grc' dir='ltr'>τάσει·</span> <span class='ocrx_word' id='word_1_295' title='bbox 1433 4240 1509 4295; x_wconf 82' lang='grc' dir='ltr'><strong>οὗ</strong></span> <span class='ocrx_word' id='word_1_296' title='bbox 1544 4242 1671 4306; x_wconf 77' lang='grc' dir='ltr'><strong>μάν</strong></span> <span class='ocrx_word' id='word_1_297' title='bbox 1703 4262 1811 4296; x_wconf 76' lang='grc' dir='ltr'>τοι</span> <span class='ocrx_word' id='word_1_298' title='bbox 1791 4246 2073 4318; x_wconf 73' lang='grc' dir='ltr'>ιδίφρον</span> <span class='ocrx_word' id='word_1_299' title='bbox 2112 4249 2482 4320; x_wconf 73' lang='grc' dir='ltr'><strong><em>ἐπημμένον</em></strong></span> <span class='ocrx_word' id='word_1_300' title='bbox 2517 4238 2647 4302; x_wconf 63' lang='grc' dir='ltr'><strong>ὖμῖ7</strong></span> 
     </span>
    </p>
   </div>
   <div class='ocr_carea' id='block_1_4' title="bbox 505 4320 827 4390">
    <p class='ocr_par' dir='ltr' id='par_1_5' title="bbox 505 4320 827 4390">
     <span class='ocr_line' id='line_1_37' title="bbox 505 4320 827 4390; baseline 0.016 -17"><span class='ocrx_word' id='word_1_301' title='bbox 505 4321 635 4390; x_wconf 67' lang='lat' dir='ltr'><strong>tleg.</strong></span> <span class='ocrx_word' id='word_1_302' title='bbox 671 4320 827 4388; x_wconf 73' lang='grc' dir='ltr'>ὑμὶν).</span> 
     </span>
    </p>
   </div>
   <div class='ocr_carea' id='block_1_5' title="bbox 2785 607 2795 1797">
    <p class='ocr_par' dir='ltr' id='par_1_6' title="bbox 2785 607 2795 1797">
     <span class='ocr_line' id='line_1_38' title="bbox 2785 607 2795 1797; baseline 0 0"><span class='ocrx_word' id='word_1_303' title='bbox 2785 607 2795 1797; x_wconf 95' lang='lat' dir='ltr'><strong> </strong></span> 
     </span>
    </p>
   </div>
   <div class='ocr_carea' id='block_1_6' title="bbox 2786 3103 2794 3851">
    <p class='ocr_par' dir='ltr' id='par_1_7' title="bbox 2786 3103 2794 3851">
     <span class='ocr_line' id='line_1_39' title="bbox 2786 3103 2794 3851; baseline 0 0"><span class='ocrx_word' id='word_1_304' title='bbox 2786 3103 2794 3851; x_wconf 95' lang='lat' dir='ltr'><strong> </strong></span> 
     </span>
    </p>
   </div>
  </div>
 </body>
</html>
