2875 5000
694 469 762 561 §-
818 473 943 549 29.
1048 476 1162 548 De
1200 474 1694 552 declinatione
1745 479 1835 552 11.
2207 482 2361 557 227

164 672 240 739 de
292 684 575 740 accentu
628 674 697 758 ἓ.
745 676 785 742 3
811 724 831 760 ,
880 678 945 744 5.
1037 679 1382 747 Postremo
1422 705 1576 773 pars
1621 661 2039 752 Cretensium
2080 698 2146 753 ct
2187 690 2354 755 auti'-

169 775 456 865 φύοιτο,
508 790 583 842 ut
613 778 914 862 videtur,
958 781 1193 869 Argivi
1239 782 1541 869 ejusdem
1582 786 2093 858 vetustissimam
2135 793 2354 862 termi-

172 878 481 943 nationem
555 906 625 945 ov
629 906 661 955 ς
718 882 1164 966 retinuerant,
1252 885 1390 950 vid.
1452 887 1689 971 §.14,
1751 891 1813 955 1.
1942 889 2172 981 Itaque
2227 894 2353 958 hoe

168 980 570 1070 paradigma,
650 983 827 1051 uude
883 996 1264 1051 neutrorum
1326 1011 1592 1078 quoque
1648 991 1966 1058 rationem
2012 993 2269 1062 facile
2248 1018 2348 1059 rn-

163 1082 450 1172 telliges,
490 1084 810 1152 Doricam
858 1087 1364 1156 declinationem
1406 1091 1647 1156 refert:

434 1270 959 1360 Singularis.
1584 1278 2002 1346 Pluralis.

156 1386 338 1453 Nom.
403 1396 594 1465 ἵππος
1252 1403 1431 1460 ἵππου

157 1487 317 1556 Gen.
406 1499 598 1557 ἵππου
615 1543 637 1570 ,
687 1501 853 1558 ἵππω
1250 1503 1453 1559 ἵππων

154 1591 297 1657 Dat.
402 1601 565 1675 ἵππῳ
1250 1604 1465 1671 ἵπποις
1523 1579 1530 1586 ἱ

156 1694 312 1759 Ace.
403 1702 590 1762 ἵππον
1248 1705 1476 1773 ἵππους
1496 1748 1511 1772 ,
1560 1704 1762 1774 ἵπποις
1779 1748 1798 1775 ,
1849 1706 2036 1776 ἵππος
2053 1752 2071 1776 ,
2126 1709 2346 1778 runem·

157 1795 322 1861 voh.
402 1805 542 1861 ἵππε
1255 1839 1331 1850 —·

308 2003 381 2082 2)
469 2003 692 2069 Pauca
748 2013 1082 2094 praeterea
1134 2003 1506 2091 adnotanda
1558 2016 1735 2070 sunt.
1827 2004 1906 2070 ln
1950 2005 2166 2074 dativo
2212 2006 2341 2073 sin·

148 2104 359 2193 gulari
408 2130 747 2196 nunquam
788 2105 922 2172 iota
967 2106 1407 2196 subscriptum
1456 2108 1819 2197 negligitur
1877 2107 2011 2174 nisi
2066 2132 2187 2199 per
2239 2132 2345 2174 er·-

143 2230 397 2288 rorem,
472 2221 542 2273 ut
588 2208 795 2275 Ther.
842 2208 1039 2276 2448.
1102 2208 1194 2291 V,
1239 2209 1365 2292 30,
1398 2221 1544 2275 ·aut
1598 2210 1669 2275 in
1716 2211 1928 2277 titulis
1969 2212 2342 2279 recentissi-

144 2309 287 2375 mis.
385 2309 466 2374 Iu
518 2310 781 2376 Cretico
827 2311 1018 2377 titulo
1061 2331 1163 2375 nr.
1198 2309 1393 2394 2556,
1437 2310 1504 2378 3.
1550 2312 1635 2378 39
1669 2334 1790 2401 pro
1833 2312 2049 2378 dativo
2095 2314 2343 2404 legitur

143 2411 452 2504 antiquus
496 2413 819 2480 locativus
866 2414 929 2478 ἐν
978 2416 1326 2498 Πριανσιοῖ
1362 2438 1398 2478 a
1449 2413 1803 2499 Πριανσιός·
1846 2425 1917 2480 ιιι
1963 2417 2163 2495 οἴκοι,
2214 2416 2344 2481 Ἰσ-

138 2504 300 2596 θμοῖ
338 2514 420 2581 ah
466 2514 643 2590 οἶκος
684 2528 752 2582 et
789 2515 1093 2597 Ἰσθμός,
1140 2517 1257 2581 sed
1299 2516 1408 2582 hic
1449 2516 1935 2583 memorabilem
1976 2518 2045 2583 in
2080 2519 2354 2601 modum*

140 2618 330 2683 etiam
358 2640 529 2682 eum
586 2618 1072 2706 praepositione
1125 2617 1427 2704 junctus.
1540 2618 1794 2686 Confer
1833 2618 1898 2683 ’ἐν
1937 2618 2196 2699 Ἰσθμοῖ
2236 2620 2340 2684 Si-

141 2720 388 2787 monid.
439 2721 685 2788 fitz-209
716 2720 922 2786 Sehn.
948 2766 969 2802 ,
1014 2719 1194 2810 quod
1233 2719 1610 2786 Meiuekius
1656 2720 1726 2789 in
1768 2719 2026 2787 Delect.
2060 2722 2335 2788 Anthol.

142 2846 204 2911 p.
256 2823 384 2889 189
429 2846 563 2886 non
609 2821 889 2887 debehat
931 2822 1001 2887 in
1049 2824 1112 2887 ἐν
1150 2822 1394 2904 Ἰσθμῷ
1435 2834 1707 2887 mutare.
1764 2860 1846 2881 -ο
1931 2821 2157 2888 Dativi
2196 2824 2339 2914 plu-

146 2924 294 2990 ralis
335 2925 608 3012 longior
649 2926 856 2991 forma
920 2947 1113 3015 saepe
1171 2925 1346 3015 apud
1389 2925 1852 3013 Epicharmum
1907 2925 2196 3015 legitur,
2268 2936 2341 2989 ut

146 3026 219 3090 fr.
264 3029 352 3094 24
392 3029 755 3110 γαυλοῒσιν,
819 3024 904 3091 35
946 3026 1261 3105 τούτοισι,
1328 3028 1409 3093 71
1458 3026 1857 3111 Ἀχαιόισιν,
1902 3027 1988 3093 97
2032 3025 2337 3109 αὐτοῖσιν,

140 3128 218 3195 98
273 3129 556 3213 λόγοισι,
630 3129 784 3195 item
847 3128 1128 3219 Lysistr.
1192 3129 1361 3196 1180
1413 3131 1583 3193 τοῒσι
1627 3163 1705 3176 -
1757 3129 1994 3209 ἁμοῖσι.
2106 3129 2338 3218 Itaque

142 3231 575 3321 antiquiorem
604 3230 922 3297 Doridem
952 3255 1086 3296 uon
1121 3230 1340 3295 minus
1368 3254 1564 3319 quam
1595 3220 1936 3309 Atthidem
1975 3230 2337 3321 pleniorem

144 3331 406 3401 formam
454 3333 806 3400 admisisse
850 3343 1198 3422 putamus,
1264 3352 1484 3425 neque
1542 3332 1717 3397 enim
1765 3322 2195 3421 Epicharmus
2254 3358 2337 3398 ex

144 3435 309 3524 spica
355 3435 593 3522 lingua
638 3436 992 3527 quidquam
1039 3435 1479 3525 assumpsisse
1521 3434 1801 3500 videtur.

289 3537 564 3618 Attica,
626 3563 793 3626 quae
855 3549 1154 3621 vocatur,
1227 3537 1581 3605 declinatio
1639 3536 1734 3601 im
1756 3535 2182 3605 substantivis
2225 3558 2333 3623 ap-

27 3695 30 3718 *
154 3638 466 3724 pellativis
510 3650 576 3706 et
619 3640 689 3704 in
737 3638 1079 3725 adjectivis
1123 3663 1159 3703 a
1202 3638 1456 3705 Doride
1498 3639 1715 3705 aliena
1757 3650 1882 3704 est.
1993 3636 2180 3720 Quae
2221 3661 2332 3702 vo-

27 3787 28 3810 1
150 3759 243 3805 ces
278 3767 423 3807 eam
473 3742 662 3833 sequi
707 3742 959 3825 solent,
1020 3741 1190 3829 apud
1237 3741 1602 3807 Dorienses
1647 3740 2092 3830 reliquorum,
2162 3761 2331 3827 quac

27 3849 30 3920 fi

144 3845 455 3909 secundae
527 3842 953 3911 declinationi
1019 3829 1505 3932 obtemperant,
1597 3840 2088 3909 terminationes
2150 3841 2331 3905 exhi-

136 3941 314 4024 beat,
407 3957 521 4012 aut
577 3946 728 4013 aliis
796 3946 995 4012 simul
1064 3945 1299 4013 rebus
1325 3944 1661 4026 diversae,
1744 3954 1818 4008 ιιι
1877 3941 2062 4020 λαός,
2151 3941 2326 4017 ναός,

142 4044 433 4131 ἀνώγοιιον
477 4068 598 4136 pro
644 4048 833 4127 λεως,
879 4073 1071 4125 veste,
1121 4044 1402 4127 ἀνώγεων
1446 4045 1609 4125 (vid.
1639 4044 1702 4127 ξ.
1728 4047 1842 4127 22,
1877 4046 1987 4128 5),
2034 4054 2147 4109 aut
2191 4044 2329 4109 sola

144 4151 626 4232 terminatione,
693 4161 765 4216 ut
812 4149 997 4233 λαγός
1038 4149 1108 4213 iu
1154 4146 1510 4212 Helotihus
1568 4145 1775 4232 (iuter
1815 4147 2146 4212 Laconica
2191 4145 2328 4233 opi-

144 4254 278 4332 nor)
341 4253 699 4318 secundum
759 4250 1194 4332 Athen..lX,
1240 4250 1388 4317 400.
1443 4249 1539 4333 C,
1601 4251 1776 4333 λαγοί
1818 4248 2057 4337 Epich.
2108 4245 2191 4312 36
2247 4246 2327 4310 ab
2442 4224 2447 4239 κ

145 4349 352 4421 Attico
422 4355 663 4439 λαγώς,
743 4348 1130 4438 ’γλυκύκρεον
1185 4352 1425 4441 Sophr.
1490 4353 1622 4433 54,
1712 4349 2064 4435 ἀξιοχρέοις
2125 4348 2325 4416 Ther.

1806 4479 1927 4544 15*
