2875 5000
874 974 1796 1064 INDEX.

1152 1180 1527 1191 ——————

2095 1272 2124 1303 Q

358 1390 819 1448 Praemonenda.
889 1393 936 1459 5.
978 1393 1008 1445 1
1012 1426 2265 1445 ...............
2409 1391 2441 1443 1

358 1482 459 1535 De
494 1478 777 1535 fontibus.
846 1478 893 1544 5.
928 1478 966 1532 2
968 1513 2269 1532 ................
2408 1478 2446 1533 8

362 1568 462 1621 De
500 1576 764 1621 accentu.
834 1565 879 1634 5.
916 1568 951 1622 3
954 1600 2270 1620 ................
2373 1565 2446 1620 26

363 1654 463 1708 De
497 1652 731 1723 spiritu.
802 1651 849 1719 5.
884 1653 919 1705 4
922 1688 2270 1706 ................
2373 1652 2445 1708 35

370 1740 464 1795 De
501 1740 805 1810 digamma.
891 1739 938 1808 5.
978 1741 1030 1794 ὅ.
1124 1774 2270 1793 ..............
2376 1741 2449 1795 40

239 1897 340 1952 De
384 1894 984 1952 consonantibus.

372 2003 468 2057 De
506 2023 544 2055 τ
579 2019 691 2074 pro
724 2018 773 2058 σ.
843 2001 892 2069 5.
928 2003 965 2056 6
969 2035 2272 2055 ................
2377 2002 2449 2056 59

370 2089 467 2143 De
516 2094 568 2142 θ
613 2105 649 2143 a
684 2087 1009 2144 Laconibus
1054 2085 1114 2141 in
1160 2103 1192 2139 σ
1223 2096 1452 2143 mutato.
1524 2086 1568 2154 5.
1609 2090 1640 2142 7
1645 2124 2273 2141 ........
2378 2089 2451 2142 66

373 2176 469 2231 De
517 2194 553 2229 σ
593 2192 630 2231 a
664 2174 990 2231 Laconibus
1024 2170 1085 2227 in
1120 2195 1154 2247 ρ
1190 2184 1415 2230 mutato.
1488 2174 1535 2242 5.
1570 2176 1624 2230 8.
1737 2213 2276 2228 .......
2382 2177 2450 2230 71

377 2263 473 2318 De
526 2279 561 2316 σ
605 2278 641 2316 a
675 2261 1032 2329 Laconibus,
1087 2258 1324 2329 Argivis
1370 2272 1425 2316 et
1461 2259 1822 2334 Pamphyliis
1864 2259 2017 2315 inter
2051 2260 2279 2317 vocales

445 2351 506 2404 in
547 2346 809 2419 spiritum
844 2364 1104 2419 asperum
1140 2357 1366 2402 mutato.
1437 2348 1483 2414 5.
1520 2349 1556 2405 9
1559 2386 2277 2405 .........
2384 2350 2453 2404 ⁷4

382 2437 474 2492 De
523 2435 764 2491 aliarum
802 2434 1225 2491 consonantium
1261 2434 1607 2507 simplicium
1645 2445 1700 2489 et
1736 2433 2110 2506 singularium
2145 2451 2283 2509 per-

450 2525 875 2580 mutationibus.
950 2524 996 2592 5.
1038 2528 1122 2580 10.
1214 2562 2274 2578 .............
2381 2526 2454 2580 79

384 2611 476 2667 De
510 2628 545 2665 σ
577 2609 646 2665 iu
682 2614 708 2671 ε
741 2622 834 2667 aut
868 2626 1170 2666 consonam
1208 2609 1510 2681 palatinam
1542 2619 1774 2665 mutato.
1844 2610 1893 2678 5.
1932 2611 2017 2664 11.
2093 2651 2106 2664 .
2180 2650 2192 2662 .
2268 2650 2281 2664 .
2384 2611 2458 2667 89

383 2701 480 2755 De
518 2700 958 2754 consonantibus
991 2696 1334 2768 duplicibus.
1405 2701 1454 2767 5.
1499 2697 1584 2753 12.
1659 2735 2282 2752 ........
2384 2699 2456 2754 94

380 2786 478 2841 De
518 2785 959 2840 consonantibus
994 2783 1314 2853 geminatis.
1387 2785 1436 2851 5.
1479 2787 1562 2841 13.
1656 2822 2282 2839 ........
2385 2786 2458 2840 99

381 2873 479 2929 De
513 2890 578 2927 w
613 2872 763 2944 apud
804 2870 1055 2939 Argivos
1090 2883 1149 2929 et
1181 2871 1384 2929 Cretes
1418 2869 1680 2928 servatis.
1752 2873 1799 2941 5.
1838 2875 1923 2927 14.
2006 2911 2019 2924 .
2095 2911 2108 2924 .
2182 2910 2195 2924 .
2268 2910 2282 2924 .
2324 2873 2458 2932 ,104

387 2962 479 3016 De
517 2960 654 3014 aliis
697 2958 1120 3014 consonantium
1166 2956 1675 3027 conjunctionibus.
1745 2960 1793 3027 5.
1833 2960 1918 3015 15.
2003 2993 2022 3012 .
2095 2998 2108 3011 .
2182 2998 2195 3011 .
2270 2998 2283 3011 .
2359 2962 2457 3014 107

241 3117 352 3171 De
399 3116 603 3170 vocal
623 3113 794 3169 ibus.

384 3220 484 3274 De
528 3220 570 3272 ἅ
616 3236 724 3289 pro
772 3240 814 3272 ε.
885 3220 931 3286 5.
975 3221 1059 3276 16.
1140 3259 2285 3276 ..............
2358 3225 2462 3280 113

388 3307 484 3361 De
523 3305 657 3361 aliis
696 3305 949 3361 brevium
987 3307 1266 3362 vocalium
1303 3305 1721 3363 mutationibus.
1793 3310 1841 3376 5.
1880 3310 1965 3363 17.
2010 3348 2027 3364 .
2098 3349 2146 3365 ..
2186 3350 2198 3362 .
2272 3350 2286 3364 .
2360 3311 2464 3367 119

389 3394 486 3448 De
522 3416 554 3446 υ
587 3394 737 3464 apud
776 3394 1030 3448 Lacones
1066 3393 1125 3448 in
1159 3414 1222 3448 ου
1259 3403 1488 3450 mutato.
1573 3395 1621 3463 5.
1661 3396 1746 3452 18.
1835 3435 1850 3449 .
1923 3434 1938 3450 .
2009 3434 2025 3450 .
2096 3435 2112 3451 .
2184 3436 2198 3450 .
2272 3437 2285 3450 .
2358 3399 2463 3454 124

392 3480 489 3535 De
524 3484 565 3532 ἃ·
599 3498 708 3552 pro
742 3503 795 3552 η.
880 3482 926 3547 5.
970 3484 1054 3538 19.
1141 3521 2287 3538 ..............
2357 3486 2464 3543 126

394 3567 491 3622 De
525 3590 560 3638 η
597 3585 707 3638 pro
743 3589 790 3623 ει
835 3579 894 3623 et
938 3588 977 3621 ω
1024 3585 1133 3639 pro
1180 3588 1262 3626 ov.
1332 3573 1379 3639 5.
1411 3571 1484 3625 20
1486 3608 2288 3627 ..........
2362 3574 2466 3629 1⁵3

393 3654 491 3709 De
531 3654 894 3725 correptione
917 3654 1267 3728 syllabarum
1294 3654 1546 3712 finalium
1584 3656 1644 3710 in
1675 3674 1702 3716 ς
1739 3665 1797 3712 et
1829 3675 1861 3709 ν
1893 3654 2290 3716 desinentium.

463 3742 514 3809 5.
547 3743 616 3797 21
623 3779 2287 3800 ....................
2361 3746 2465 3800 172

398 3828 491 3883 De
526 3829 657 3885 aliis
693 3830 989 3899 longarum
1026 3829 1306 3890 vocalium
1353 3840 1413 3886 et
1450 3829 1932 3902 diphthongomm
1965 3829 2292 3886 mutationi-

466 3915 590 3969 bus.
676 3917 724 3983 5.
762 3919 852 3974 22.
964 3958 2287 3973 ................
2362 3920 2460 3976 181

397 3999 495 4054 De
530 4000 793 4059 diaeresi.
875 4005 922 4072 5.
963 4007 1050 4062 23.
1141 4044 2285 4061 ..............
2360 4009 2462 4061 191

398 4088 497 4142 De
531 4110 572 4141 α
605 4107 728 4145 cum
762 4092 1127 4160 sequentibus
1162 4089 1461 4147 vocalibus
1495 4100 1802 4147 contracto.
1873 4096 1920 4162 ς.
1958 4094 2047 4150 24.
2101 4134 2114 4147 .
2188 4134 2201 4146 .
2274 4134 2287 4147 .
2364 4095 2464 4150 196

399 4175 494 4230 De
527 4198 606 4239 εε,
648 4197 733 4241 οε,
781 4198 843 4233 oo
877 4178 1199 4235 contractis.
1256 4180 1303 4246 5.
1341 4181 1411 4236 25
1414 4214 2289 4236 ...........
2359 4182 2462 4236 201

401 4263 494 4318 De
530 4284 585 4317 zo
631 4275 692 4322 et
729 4287 796 4322 εω
845 4266 1166 4323 contractis-
1236 4266 1284 4334 5.
1324 4267 1395 4322 26
1398 4301 2286 4322 ...........
2359 4270 2464 4325 207

405 4350 498 4405 ne
531 4352 694 4409 ansi.
776 4353 825 4422 §-
879 4355 966 4409 ατ.
1055 4390 2289 4408 ...............
2358 4357 2465 4413 220
