2875 5000
2265 461 2363 509 vn
2437 506 2444 513 .

1571 568 1588 629 Ι

128 647 321 721 kium
371 653 744 721 nostrum
802 641 1123 718 Graecae
1170 642 1283 717 illi
1346 645 1674 718 societati
1744 642 2179 718 clarissimae
2230 646 2355 719 ad-

132 751 583 848 scriptorum
608 796 633 840 ‚
754 749 886 847 qui
958 773 1073 820 me
1145 746 1503 846 hospitem
1575 745 1952 820 admittere
2023 773 2170 820 non
2229 749 2404 822 de?

140 852 411 951 dignati
470 850 862 923 doctrinae
918 848 1274 949 elegantia
1336 861 1409 922 et
1470 876 1747 922 morum
1802 848 2202 923 urbanitate
2255 853 2355 925 ita

140 965 533 1053 ceperunt,
620 964 709 1025 ut
760 955 976 1025 horas
1027 978 1189 1025 cum
1237 950 1383 1023 illis
1435 963 1758 1050 peractas
1811 955 2001 1025 inter
2045 951 2350 1026 laetissi-

88 1083 280 1130 ‘mas
331 1058 541 1128 vitae
601 1053 948 1150 babeam3
1051 1054 1361 1153 denique
1414 1057 1776 1145 omnium,
1872 1056 2002 1154 qui
2054 1055 2130 1126 id
2180 1056 2351 1129 effe·
2393 1068 2398 1075 '

133 1170 437 1249 cerunt,
498 1167 590 1229 ut
644 1155 900 1229 mutila
953 1155 1242 1248 dextra,
1301 1182 1517 1255 quem
1571 1159 1866 1229 unicum
1917 1160 2351 1232 tenotomiac

134 1262 460 1335 fructum
530 1257 806 1332 abstuli
823 1310 852 1352 ,
942 1260 1223 1332 itineris
1295 1258 1786 1333 Berolinensis
1853 1258 2178 1359 quotidie
2236 1258 2349 1333 lu·

132 1361 568 1437 beatissime
626 1359 1037 1434 admonear.

334 1467 595 1564 Aegre
649 1490 763 1536 me
816 1489 1076 1537 revoco
1129 1462 1222 1536 ad
1265 1489 1491 1562 pauca
1542 1461 1630 1535 de
1673 1489 1906 1560 opere·
1933 1490 2090 1538 meo
2140 1491 2345 1564 prae-

134 1566 377 1640 fanda.
533 1567 829 1639 Primus
880 1563 1070 1638 liber
1123 1565 1518 1639 benevolos
1561 1563 1850 1663 judices
1903 1580 2156 1641 nactus
2203 1581 2340 1664 est,

128 1667 781 1744 Schneidewinum
832 1693 1070 1741 meum
1125 1670 1204 1741 in
1248 1667 1861 1766 premeridibus
1909 1668 2344 1771 Gottingen-

135 1771 342 1844 sibus
412 1762 767 1843 ιι.’1840
843 1797 959 1842 nr.
1008 1767 1166 1842 152
1242 1783 1316 1844 et
1385 1771 1449 1841 R
1501 1824 1520 1842 .
1572 1821 1591 1841 .
1646 1823 1665 1841 .
1711 1826 1729 1843 .
1814 1771 2175 1873 quendam
2265 1775 2344 1846 in

132 1871 750 1972 premeridibus
805 1872 1334 1945 Darmstadinis
1399 1873 1851 1971 antiquitatis
1922 1873 2163 1947 studio
2231 1874 2340 1947 di-

124 1978 303 2049 catis
350 2003 427 2048 a.
459 1971 675 2047 1841
722 2002 834 2048 nr.
864 1971 1053 2047 145.
1080 1971 1272 2047 146.
1381 1974 1712 2070 Quorum
1757 1987 2069 2075 uterque
2112 2002 2339 2076 quum

123 2104 433 2253 ἰὶἰὲἶζ
478 2075 1483 2280 Ἄῗέἒὲἰῒ...ὲ“.ῑξὶἳὲἓὲἱῗ’
1527 2087 2339 2254 εἷἈἪαεξῒζίἳιεέἶῖἰ

127 2281 433 2355 Librum
492 2283 822 2354 Primum
877 2281 1051 2354 huic
1111 2279 1301 2356 libro
1354 2279 1701 2380 adjectiS,
1808 2282 2335 2356 admonitiones

125 2411 423 2477 eorum,
524 2394 888 2484 quatenns
942 2386 1183 2483 operis
1235 2386 1466 2457 n‘ostri
1528 2386 1711 2458 ratio
1766 2384 2129 2484 postulare
2180 2387 2334 2457 ¹visa

127 2500 278 2579 est,
370 2514 523 2560 non
581 2485 1065 2586 negleximus.
1219 2486 1461 2560 Unum
1506 2498 1655 2578 est,
1737 2487 1933 2586 quod
1981 2487 2122 2561 boc
2173 2486 2333 2561 loco

130 2588 843 2663 commemorandum
895 2589 1255 2686 ducimus.
1412 2588 1773 2663 Omnibus
1826 2591 2017 2663 enim
2069 2591 2162 2662 iis
2206 2615 2331 2687 pa·

123 2692 510 2791 ragrapbis
535 2742 565 2784 ‚
657 2718 841 2791 quae
891 2692 1010 2766 vel
1060 2691 1511 2792 singularum
1566 2689 2032 2766 dialectorum
2084 2690 2329 2764 Aeoli·

126 2821 370 2867 carum
447 2793 772 2867 indolem
843 2794 1265 2868 describunt
1324 2793 1444 2868 vel
1494 2820 1745 2868 omnes
1806 2807 1951 2867 tres
2002 2796 2080 2866 in
2134 2818 2327 2867 com·

122 2900 574 2993 parationem
652 2907 953 2990 vocant,
1053 2896 1127 2999 §-
1177 2892 1312 2968 51.
1363 2891 1501 2968 49.
1552 2892 1697 2987 51,
1797 2922 2051 2994 parum
2118 2898 2325 2968 satis·

121 2995 437 3072 fecimus
502 2998 809 3072 Censori
869 2999 1419 3089 Darmstadino‚
1508 3001 1637 3098 qui
1688 3001 2036 3097 ampliore
2087 3009 2161 3070 et
2209 3023 2326 3070 ac·

119 3100 1027 3199 curatiore'disputatione
1091 3127 1274 3199 opus
1334 3102 1563 3174 fuisse
1627 3099 2018 3173 contendit.
2168 3098 2326 3173 Nos

124 3205 199 3274 in
253 3206 434 3275 istas
488 3203 982 3303 paragrapbos
1049 3228 1199 3276 non
1266 3204 1507 3275 minus
1566 3225 1782 3275 curae
1833 3202 2321 3303 cogitationis-

119 3332 262 3405 que
331 3304 922 3404 impenderamus
991 3332 1206 3406 quam
1270 3308 1347 3377 in
1417 3305 1734 3404 reliquas
1808 3319 1878 3378 et
1946 3330 2037 3377 ne
2104 3303 2322 3378 bodie

118 3407 419 3506 quidem
497 3407 1011 3508 intelligimus,
1111 3433 1294 3507 quae
1359 3409 1510 3480 sint
1587 3406 1709 3481 illa
1772 3418 1898 3480 aut
1966 3431 2132 3479 vera
2195 3418 2324 3479 aut

118 3508 573 3605 probabilia,
663 3536 850 3609 quae
913 3509 1080 3583 addi
1143 3511 1540 3609 potuerint.
1690 3514 1942 3609 ltaque
2005 3511 2318 3607 primum

125 3611 285 3704 Te,
389 3614 509 3684 mi
575 3612 1176 3706 Lachmanne‚
1268 3637 1666 3710 omnesque
1730 3611 2035 3686 lectores
2100 3608 2318 3684 bene·

128 3716 325 3786 volos
377 3725 675 3813 rogatos
726 3714 890 3787 volo
913 3764 936 3805 ‚
1041 3726 1162 3806 ut,
1258 3717 1322 3787 si
1379 3724 1450 3787 et
1497 3713 1622 3785 illa
1674 3725 1747 3788 et
1798 3740 1982 3814 quae
2038 3715 2114 3786 in
2176 3713 2316 3789 boc

115 3815 315 3888 libro
361 3829 539 3890 sunt
588 3815 915 3915 ejusdem
980 3818 1311 3918 generis,
1414 3818 1654 3890 minus
1716 3817 1901 3891 bene
1955 3816 2315 3915 disputata

116 3943 279 3991 esse
344 3919 772 4012 videantur,
885 3947 977 3993 ne
1047 3918 1494 4019 diligentiam
1569 3945 1794 3992 meam
1873 3921 1952 3990 in
2029 3918 2313 4017 culpam
2379 3955 2396 3984 s

116 4024 438 4113 vocetis,
535 4021 667 4094 sed
720 4034 847 4095 aut
896 4024 1175 4121 ingenii
1225 4023 1646 4095 tenuitatem
1713 4031 1839 4095 aut
1904 4024 2132 4118 ipsam
2199 4048 2311 4094 re·

10 4149 11 4156 ¹
117 4147 275 4196 rum
354 4134 817 4197 tractatarum
896 4123 1213 4198 indolem
1285 4135 1358 4197 et
1428 4135 1799 4225 naturam3
1921 4125 2307 4197 Censorem

119 4237 353 4298 autem
410 4253 545 4298 oro
608 4238 682 4300 et
744 4225 1043 4301 obsecro
1094 4238 1214 4318 ut,
1310 4252 1497 4324 quae
1560 4226 1818 4300 melius
1887 4226 2029 4299 dici
2096 4251 2307 4325 posse

116 4329 294 4423 scit,
381 4327 675 4428 publice
737 4330 1166 4429 privatimve
1233 4332 1713 4404 communicet
1763 4355 2081 4424 mecum,
2160 4352 2308 4429 quo
