2875 5000
522 447 674 526 566
1122 441 1472 522 Addenda
1519 458 1591 517 et
1634 441 2106 546 Corrigenda.

694 649 894 739 pag.
935 650 1060 719 179
1116 649 1166 716 l.
1218 649 1319 716 11.
1405 646 1605 713 Adde
1660 667 1839 714 nune
1881 647 2457 738 Astypalaeenses
2522 654 2611 709 et
2651 641 2773 710 Ni·

528 752 790 842 syrios,
855 750 990 818 vid.
1041 775 1222 842 supr.
1269 750 1354 819 ad
1394 773 1464 840 Ρ.
1513 749 1640 818 173
1680 760 1748 815 et
1790 747 1938 818 176.
2028 751 2037 758 ’

694 853 888 942 Pag.
933 851 1057 922 181
1101 855 1152 921 l.
1183 855 1227 919 4
1268 865 1478 921 extr.
1567 851 1625 918 E
1662 849 1881 943 *Papio
1923 853 2244 920 addantur
2284 851 2771 919 Hermionen-

527 978 636 1023 κε
690 958 1004 1041 Θεαρίδας
1047 966 1114 1022 et
1163 957 1442 1038 ΘεαρΙς,
1506 953 1749 1021 deinde
1803 954 2119 1040 Θεάριον,
2183 957 2392 1023 loeus
2442 953 2764 1042 Aeg-ime

524 1055 831 1147 Apollini
875 1081 1059 1125 sacer
1104 1069 1170 1124 et
1215 1061 1500 1146 Θεαρίων
1533 1058 1900 1147 Aegineta3
1956 1070 2299 1150 postremo
2337 1058 2762 1139 θεαροδοκία

526 1160 776 1251 Delph.
843 1184 946 1226 nr.
995 1161 1079 1227 12
1122 1160 1309 1227 Curt.
2138 1157 2141 1160 ’

695 1263 886 1350 Pag.
935 1263 1059 1330 183
1118 1263 1166 1330 l.
1211 1262 1322 1331 25.
1413 1263 1651 1331 Leakii
1711 1266 2156 1356 apographum
2213 1287 2324 1331 nr.
2380 1262 2529 1332 100
2583 1271 2762 1327 reete

530 1390 588 1431 οι
576 1368 650 1429 'm
633 1365 732 1440 ιάς
772 1364 1062 1455 praehet.

696 1466 892 1557 Pag.
942 1466 1068 1537 185
1129 1467 1179 1534 Ι.
1229 1467 1336 1535 15.
1443 1467 1578 1535 Hic
1634 1489 2136 1535 commemorare
2199 1469 2439 1559 placet
2512 1469 2742 1534 forms
2866 1523 2867 1528 ,

528 1567 843 1658 quasdam
903 1593 1025 1660 pro
1066 1570 1406 1659 vulgarit
1383 1570 1674 1656 ἱερατεύω
1723 1581 1787 1638 et
1827 1568 2072 1638 rariore
2115 1575 2290 1657 ἱερητ
2259 1570 2432 1636 mh„
2486 1570 2567 1635 in
2606 1569 2729 1635 tim·

472 1662 484 1672 ⁸
526 1671 618 1738 lis
663 1671 1052 1761 Cyrenaicis
1093 1673 1321 1740 obviae
1346 1702 1365 1739 ι
1452 1672 1742 1762 ἶαριτεύω
1800 1696 1903 1739 nr.
1954 1676 1989 1740 1
2048 1684 2115 1739 et
2160 1673 2238 1738 in
2268 1667 2574 1739 duobus
2612 1672 2738 1737 hrc-

527 1774 870 1860 viorihuo,
932 1776 1252 1861 Ῐαρειτεύω
1293 1800 1398 1843 nr.
1436 1778 1557 1856 12,
1621 1774 1897 1862 ἱεριτεόω
1941 1778 2013 1843 in
2052 1776 2312 1844 recenti
2362 1777 2573 1843 titulo
2610 1775 2745 1841 hre-

528 1876 756 1951 νίοιε.
828 1878 1132 1964 ἱερειτεὺω
1176 1903 1281 1946 nr.
1329 1878 1434 1948 10

700 1980 897 2071 Pag.
947 1981 1071 2049 187
1127 2005 1241 2048 ur.
1292 1981 1354 2048 5.
1461 1981 1790 2049 Miillerus
1845 1981 2011 2049 Dor.
2068 1983 2161 2048 11.
2220 1936 2290 2071 Ρ.
2353 1981 2436 2048 18
2486 1990 2554 2045 et
2608 1978 2743 2045 518

536 2084 848 2168 Ποίθιοι,
895 2093 969 2148 ut
1012 2075 1184 2174 apud
1225 2084 1537 2151 Photium
1565 2085 1832 2173 Pythii,
1880 2084 2358 2176 Spartanorum
2404 2081 2739 2172 magistra-

529 2196 638 2251 tus
664 2230 686 2267 ‚
762 2185 1178 2268 scribuntur,
1237 2185 1552 2253 Doricam
1595 2187 1868 2253 formam
1914 2209 2060 2253 esse
2105 2186 2394 2277 putavit.
2489 2184 2753 2251 Keil'ms

530 2285 760 2353 Anall.
817 2311 887 2377 Ρ.
937 2287 1062 2353 163
1103 2286 1287 2354 addit
1327 2287 1632 2372 Κάροια,
1699 2287 2063 2376 Καροιάτης
2100 2300 2227 2354 etc.
2263 2335 2284 2372 ,
2353 2312 2539 2379 qnae
2583 2286 2753 2378 apud

533 2388 936 2479 Stephanum
977 2390 1141 2480 Byz.
1190 2390 1520 2458 literarum
1566 2391 1799 2458 ordine
1841 2393 2023 2460 laeso
2065 2392 2390 2482 leguntur
2443 2414 2573 2482 pro
2617 2389 2754 2457 Κά-

532 2517 698 2578 ρυα,
774 2492 957 2585 quod
1014 2506 1117 2561 est
1170 2493 1542 2562 Laconicae
1598 2493 1936 2586 oppidum.
2026 2495 2486 2562 Auctoritates
2533 2507 2752 2563 tamen

528 2618 757 2689 parum
797 2598 1020 2663 firmae
1065 2610 1240 2664 sunt.

702 2699 1069 2790 Pag.187
1120 2700 1172 2767 l.
1215 2702 1260 2769 7
1302 2710 1508 2767 extr.
1598 2700 1847 2767 Eadem
1906 2701 2163 2791 giossa
2184 2698 2514 2786 ψούδοα
2579 2699 2756 2793 apud

534 2801 805 2868 Suidam
853 2802 1128 2893 legitur.

545 2940 552 2949 ·
695 2904 890 2994 Pag.
939 2905 1065 2973 188
1126 2906 1178 2973 l.
1223 2907 1268 2975 8
1310 2928 1538 2997 seqq.
1627 2906 1824 2971 Adde
1877 2904 2103 2990 ''Apyea
2157 2902 2365 2972 Ther.
2435 2906 2571 2972 198
2625 2903 2753 2989 R„

535 3032 739 3099 quum
800 3008 974 3074 idem
1042 3033 1279 3075 nomen
1345 3010 1549 3097 vulgo
1609 3007 1855 3093 ’Δργεία
1929 3019 2121 3074 sonet
2155 3054 2177 3093 ,
2269 3020 2334 3074 et
2370 3005 2750 3090 ·Εὗανόρεα

533 3112 775 3201 Astyp.
848 3109 1021 3196 156,
1110 3111 1242 3177 nisi
1314 3112 1485 3179 forte
1558 3109 1894 3196 Εὐαγόρεω
1953 3108 2420 3200 corrigendum
2473 3118 2582 3174 est
2652 3109 2754 3174 cf.

532 3210 1009 3298 Ἀρισταγόρεω
1065 3213 1242 3280 Keil.
1295 3215 1526 3281 Anall.
1590 3240 1660 3304 Ρ.
1707 3213 1840 3298 783
1929 3212 2167 3278 deinde
2223 3211 2619 3290 ποήσασθαι
2680 3211 2756 3277 in

537 3312 679 3379 Coo
712 3336 813 3377 ur.
835 3314 957 3380 175
991 3325 1057 3380 et
1080 3312 1281 3382 Telio
1326 3341 1427 3381 nr.
1455 3317 1577 3384 169
1603 3315 1689 3381 R.
1753 3314 1832 3379 In
1860 3314 2106 3406 Delph.
2135 3315 2313 3405 Eph.
2339 3313 2497 3383 Jen.
2583 3314 2757 3381 Cur·

534 3415 668 3481 tius
710 3415 760 3480 l.
803 3416 839 3481 1
900 3414 1075 3480 Βοόν
1130 3441 1251 3507 pro
1293 3418 1495 3484 Βοιόν
1544 3429 1609 3484 et
1658 3418 1814 3483 iude
1869 3419 1919 3484 l.
1967 3420 2029 3487 3.
2074 3418 2121 3484 6
2173 3417 2454 3506 gentilia
2497 3421 2759 3495 Βοαῖος

536 3529 602 3585 et
640 3520 852 3584 Βοαία
900 3517 1105 3583 scribi
1159 3530 1365 3609 putat.
1456 3522 1552 3585 At
1591 3545 1805 3611 neque
1850 3544 1885 3585 a
1931 3522 2129 3586 Βοῗον
2173 3521 2422 3609 gentile
2467 3518 2760 3597 Βοιαῒος

537 3620 818 3687 derivari
860 3632 1078 3712 potest
1121 3634 1188 3689 et
1232 3623 1279 3689 Ι.
1307 3624 1341 3688 1
1387 3627 1536 3707 Βοᾷ
1572 3623 1892 3704 traditur,
1937 3623 2112 3713 quod
2157 3622 2496 3689 Curtius
2476 3649 2560 3689 ιιι
2608 3628 2762 3707 Βοῷ

510 3724 808 3790 ‘mutavit
833 3769 853 3807 ,
913 3747 1115 3814 quare
1159 3725 1514 3793 obscurius
1556 3725 1885 3818 quoddam
1930 3725 2314 3817 oppidulum
2358 3725 2761 3818 intelligen-

538 3825 693 3891 dum
735 3850 887 3893 esse
928 3828 1212 3895 videtur.
2192 3870 2195 3875 ·

705 3929 918 3995 Ihid.
988 3931 1038 3997 l.
1083 3933 1193 4000 28.
1284 3933 1478 3999 Adde
1541 3932 1694 4009 ζόαν
1752 3943 1818 3998 et
1881 3931 2050 4008 ε”ζοεν
2110 3930 2182 3996 in
2248 3931 2763 4022 epigrammatis

537 4030 880 4097 Theocriti
940 4033 1143 4100 XVII
1215 4048 1280 4101 et
1345 4034 1805 4103 Theodoridae
1867 4035 2078 4100 Anth.
2151 4033 2297 4099 Pal.
2360 4032 2594 4122 XIII,
2644 4038 2760 4120 21,

537 4158 705 4223 quae
750 4135 909 4202 satis
956 4161 1119 4227 pura
1165 4136 1415 4205 Doride
1458 4148 1755 4203 utuntur.

553 4244 558 4249 ’
705 4237 899 4326 Peg.
950 4238 1077 4307 190
1139 4241 1187 4305 Ι.
1234 4240 1300 4307 9.
1393 4240 1588 4308 Nune
1633 4240 2041 4307 Boeckhium
2092 4249 2271 4305 reete
2315 4237 2571 4306 fecisse
2618 4262 2760 4307 ere·

540 4337 800 4404 dimus·
782 4365 803 4425 3
894 4366 1044 4408 nam
1089 4354 1345 4431 praeter
1389 4368 1467 4409 ea
1510 4344 1846 4434 exempla,
1922 4366 2091 4435 quae
2130 4338 2474 4411 ut'tulimus
2520 4341 2593 4426 ξ.
2649 4344 2759 4426 11,
