2875 5000
60 401 71 892 ——b—W---

557 432 627 527 §.
661 432 785 510 44.
859 433 976 506 De
1010 426 1383 507 adverbiis
1420 425 1573 502 loci
1610 441 1682 504 et
1713 425 2093 524 temporis.
2269 425 2423 505 363

201 649 534 706 accentus
575 636 1045 730 proprietatem
1087 659 1222 705 non
1267 635 1672 726 expressit)·;
1734 634 1924 703 illinc
1964 635 2270 704 restituas
2311 637 2422 703 ad·-

202 739 523 807 vcrbium
590 745 857 831 ἑκατερῇ
911 742 989 810 iu
1043 741 1225 809 Cret.
1270 739 1488 823 2554,
1547 738 1632 804 54
1689 745 1750 804 οἱ
1810 743 2154 827 πρείγιστοι
2210 744 2271 805 οἱ
2324 742 2426 804 ἐπὶ

210 840 517 926 εὐνομίας
559 843 849 929 ἑκάτεροι
895 845 1271 929 ἕρευνεόντες
1326 844 1439 906 καὶ
1484 843 1907 923 ρυθμίζοπες.
1968 879 2052 892 -
2135 842 2215 908 Iu
2259 841 2422 932 Epi-

200 945 550 1030 menidis,
600 969 769 1036 quae
811 946 1054 1030 fertur,
1101 945 1381 1037 epistola
1423 944 1510 1010 ad
1550 943 1899 1010 Platonem
1940 941 2146 1033 Diog.
2195 943 2420 1010 Laert-

201 1046 289 1130 1,
339 1049 467 1114 113
523 1050 683 1113 haec
738 1048 1085 1137 leguntur:
1180 1046 1317 1115 ἀλλ’
1382 1050 1532 1132 ἕρπε
1590 1047 1656 1121 ἐς
1699 1044 1975 1130 Κρήτην.
2060 1049 2251 1111 τουτᾶ
2299 1044 2423 1131 γὰρ

206 1147 328 1214 οὐκ
377 1151 610 1214 ἐσεῖταί
647 1175 749 1215 τοι
796 1149 996 1226 δεινὰς
1040 1152 1076 1215 ὁ
1119 1149 1476 1234 μόναρχος·
1548 1150 1617 1212 αι’
1671 1148 1741 1212 δέ
1774 1173 1862 1225 πη
1904 1150 2156 1226 πλατείη
2203 1147 2427 1234 ἐγκύρ-

206 1251 417 1316 σόοντί
472 1277 574 1318 τοι
625 1251 790 1330 τήνω
848 1257 946 1318 τοὶ
1004 1254 1223 1334 φίλοι,
1308 1251 1599 1332 δειμαίνω
1662 1247 1746 1333 μή
1810 1273 1871 1313 τι
1932 1248 2131 1315 κακόν
2179 1250 2421 1340 πάθῃς.

204 1354 352 1421 Pro
411 1353 736 1420 librorum
802 1363 870 1419 et
931 1353 1350 1445 antiquarum
1405 1339 1770 1424 editionum
1828 1351 2115 1419 lectione
2170 1351 2425 1431 ὴλατείη

203 1458 328 1523 vel
386 1459 639 1545 πλατείῃ
701 1455 1106 1521 Huebncrus
1148 1452 1578 1521 Valckenarii
1628 1456 2072 1546 conjecturam
2116 1453 2221 1518 ἐπ’
2272 1453 2427 1519 ἄλα-

202 1560 348 1639 τείᾳ
404 1559 694 1650 recepit3
765 1582 890 1624 nos
947 1558 1124 1623 haud
1182 1567 1564 1623 cunctanter
1616 1551 2028 1622 restituimus*
2082 1561 2148 1621 αἱ
2203 1557 2274 1621 δέ
2318 1583 2434 1636 πη-

206 1664 561 1740 πλατίη,
640 1658 933 1726 sicu'bi
978 1658 1067 1725 in
1106 1657 1479 1745 vicinia,
1542 1669 1616 1722 ut
1660 1658 1750 1723 sit
1788 1658 2167 1728 adverbium
2209 1660 2343 1727 loci
2385 1685 2425 1728 a

209 1762 474 1830 Dorico
527 1767 786 1836 πλατέος
841 1785 966 1851 pro
1021 1764 1396 1841 πλησίος.
1486 1760 1745 1825 Ibidem
1787 1784 1909 1849 pro
1949 1765 2139 1827 τουτᾶ
2179 1763 2427 1851 corrigi
2505 1817 2510 1824 .

208 1875 523 1956 oportere
555 1865 819 1933 videtur
842 1867 1033 1942 τουτῆ
1048 1890 1070 1949 3
1117 1888 1332 1953 neque
1367 1865 1548 1930 cuim
1580 1861 1874 1929 adverbii
1901 1861 2036 1928 loci
2077 1865 2149 1928 iu
2187 1890 2424 1956 quem

202 1968 494 2055 agnosci
553 1990 751 2057 posse
788 1966 992 2034 'iufra
1054 1965 1456 2032 videbimus.
1525 2005 1611 2018 —-
1692 1963 1957 2034 Deinde
2027 1966 2427 2056 epigramma

204 2071 632 2137 Laconicum
675 2068 926 2159 legitur
968 2069 1144 2158 apud
1185 2068 1541 2135 Pollucem
1585 2066 1709 2152 IV,
1744 2066 1868 2134 102
1906 2067 2075 2154 χίλιά
2115 2091 2285 2134 ποκα
2326 2073 2429 2153 βί-

202 2179 401 2258 βαντι
441 2175 700 2238 πλεῖστα
746 2169 821 2249 δὴ
881 2176 1005 2235 τῶν
1058 2170 1396 2249 πήποκα
1453 2171 1503 2236 i.
1553 2193 1614 2236 e.
1676 2169 1924 2260 plura
1977 2191 2219 2262 quam
2277 2196 2426 2239 us·-

201 2300 455 2366 qunm
517 2285 599 2342 et
655 2295 1041 2363 uuquam.
1148 2272 1526 2339 Meinckius
1589 2272 1674 2338 ad
1731 2271 2018 2340 Theocr,
2078 2272 2285 2349 VIII,
2340 2276 2430 2343 64

202 2376 467 2467 corrigi
501 2376 700 2463 jubet
743 2376 1044 2455 πάποκα,
1112 2399 1282 2466 quae
1327 2400 1458 2444 vox
1499 2385 1677 2441 esset
1717 2395 1836 2462 pro
1878 2375 2137 2465 vulgari
2177 2376 2426 2446 πώποτε

204 2481 356 2549 vid.
405 2481 577 2546 iufra
622 2504 726 2545 nr.
770 2479 838 2545 6.
940 2477 1299 2546 Librorum
1338 2488 1558 2546 tamen
1599 2476 1953 2544 lectionem
1995 2489 2062 2543 et
2101 2479 2429 2571 Hesychii

208 2570 442 2673 g'lossa
500 2607 654 2659 πηι,
720 2580 892 2647 πόκα
944 2592 1198 2660 tuetur,
1265 2602 1462 2671 quam
1517 2580 1776 2659 πήποκα
1820 2578 2233 2648 scribendam
2274 2602 2425 2650 esse

205 2697 279 2752 ct
336 2685 991 2773 interpretamentum
1046 2682 1467 2751 intercidisse
1511 2682 1819 2773 Toupius
1873 2678 2243 2770 intellexit3
2311 2680 2423 2753 dc*-

200 2787 375 2854 inde
432 2786 757 2855 librorum
816 2809 1183 2855 consensus
1241 2786 1415 2875 apud
1459 2786 1886 2851 Theocritum
1931 2785 2140 2869 VIII,
2191 2787 2276 2853 34
2332 2790 2426 2867 πῆ·

204 2915 385 2955 ποκα
440 2888 941 2979 praebentium,
1008 2888 1184 2978 quod
1230 2887 1662 2956 Wintertono
1720 2887 1985 2955 demum
2042 2898 2307 2956 auctore
2349 2892 2426 2959 iu

196 2995 304 3056 πᾶ
344 3014 515 3057 ποκα
557 2992 665 3058 vel
707 2989 972 3056 πάποκα
1017 3001 1337 3055 mutatum
1399 2999 1546 3074 est3
1604 3001 1940 3077 postremo
1982 2988 2125 3068 XI,
2172 2991 2258 3059 64
2299 3016 2422 3083 pro

208 3094 487 3184 vulgata
545 3093 638 3158 πά
694 3118 864 3158 ποκα
924 3098 1124 3165 (rccc.
1184 3095 1278 3156 πᾶ
1328 3116 1541 3168 ποκα,
1606 3095 1700 3173 πᾷ
1758 3116 1965 3169 ποκα,
2032 3091 2321 3181 πάποκα)
2384 3118 2423 3161 e

203 3196 443 3286 paucis
507 3193 705 3261 honis
764 3194 957 3262 libris
1019 3198 1114 3272 πῆ
1176 3219 1346 3259 ποκα
1415 3203 1740 3259 enotatur.
1870 3188 2077 3282 Apud
2140 3196 2422 3267 eundem

207 3296 648 3365 Theocritum
689 3298 837 3375 τῆδε
878 3297 987 3363 vel
1029 3297 1174 3384 τῇδε
1218 3294 1290 3361 iu
1335 3295 1512 3362 locis*
1551 3315 1750 3385 supra
1788 3294 2036 3362 notatis¹
2076 3298 2233 3366 olim
2276 3301 2420 3366 vul-

208 3398 493 3490 gabatur
532 3420 656 3488 pro
700 3400 859 3463 τεῒδε
900 3409 968 3464 ct
1007 3398 1236 3475 τεῒνὸε,
1302 3406 1636 3489 praetcrea
1689 3396 1760 3463 in
1802 3400 2148 3466 nonnullis
2192 3401 2421 3468 melio·

202 3501 402 3567 ribus
444 3500 639 3567 libris
682 3525 803 3590 pro
845 3502 991 3582 τᾷδε
1031 3501 1443 3590 conspicitur
1473 3500 1566 3584 V,
1613 3499 1697 3568 50
1740 3512 1808 3569 et
1846 3500 2010 3585 XV,
2058 3502 2221 3585 118,
2267 3505 2424 3591 qui-³-
2469 3560 2472 3563 .

200 3605 342 3671 bus
386 3604 459 3669 iu
503 3603 670 3671 locis
716 3602 853 3668 hic
894 3604 1304 3693 postulatur,
1347 3626 1486 3669 non
1529 3604 1732 3689 huc3
1773 3602 1932 3669 item
1975 3607 2066 3680 πῆ
2104 3601 2178 3666 in
2222 3603 2419 3673 honis

202 3704 608 3797 quibusdam
652 3703 847 3771 libris
897 3720 1000 3772 est
1037 3730 1161 3797 pro
1202 3709 1295 3771 πᾶ
1335 3705 1398 3790 1,
1430 3705 1554 3788 66,
1601 3703 1719 3770 ubi
1760 3714 2113 3797 utrumque
2151 3706 2421 3777 tolerari

198 3815 467 3898 potest3
529 3817 861 3897 postremo
912 3807 1082 3887 ὅπη,
1146 3807 1330 3890 uhi,
1385 3818 1491 3872 est
1531 3804 1845 3888 XXVII,
1887 3805 1973 3871 43
2015 3805 2418 3883 incarmiue

75 3965 81 3973 .
204 3907 588 3975 incertioris
630 3910 739 3976 vel
782 3907 1049 3975 dialecti
1106 3909 1217 3976 vel
1258 3907 1597 3975 lectionis.
1703 3907 1903 3974 Haud
1956 3932 2157 4000 parva
2208 3910 2419 4001 igitur

200 4011 532 4079 librorum
594 4011 981 4078 auctoritate
1035 4010 1394 4078 Theocrito
1465 4009 1659 4076 etiam
1725 4009 2077 4078 severioris
2136 4012 2415 4080 Doridis

201 4113 458 4180 formae
514 4112 587 4178 in
643 4141 684 4194 η
754 4124 1069 4180 exeuntes
1127 4112 1548 4180 vindicantur
1570 4159 1592 4198 ‚
1675 4136 2051 4205 quanquam
2117 4117 2292 4194 τηνεῒ
2348 4125 2415 4181 et

202 4217 412 4281 τουτεῒ
433 4239 758 4306 nusquam
784 4215 1111 4283 mitiorem
1138 4215 1704 4306 Syracusanorum
1744 4215 2154 4306 relinquunt.
2225 4212 2411 4301 Quid

210 4317 294 4383 de
349 4317 633 4408 reliquis
678 4319 1116 4408 judicandum
1179 4318 1306 4399 sit,
1370 4342 1553 4387 nunc
1616 4318 1984 4386 accuratius
2041 4317 2412 4410 disquirere
