2875 5000
533 371 687 451 552
761 407 770 412 ·
1137 366 1484 444 Addenda
1535 380 1608 439 et
1651 364 2126 467 Corrigenda.

538 576 610 644 in
666 573 752 641 iis
805 573 1129 665 reperitur
1152 621 1174 657 ,
1247 572 1424 664 quod
1464 571 1751 640 Romani
1805 570 2071 662 imperii
2110 568 2490 659 vestigium
2537 568 2779 635 haberi

537 675 814 769 possit}
872 699 1022 741 nam
1064 700 1185 766 pro
1242 682 1433 759 Τειβ.
1472 691 1536 740 ‘..
1564 723 1586 759 ,
1650 673 1830 765 quod
1887 673 1965 747 εἰ,
2004 676 2076 738 ἱιι
2128 697 2235 737 ιιι.
2289 671 2497 739 1689.
2552 671 2593 736 Ι)
2640 672 2703 738 1.
2740 672 2780 738 6

538 792 715 847 recte
758 777 1006 844 editum
1049 789 1224 844 esset
1250 824 1271 857 ‚
1337 776 1601 845 titulum
1643 775 1922 842 Tiberio
1964 775 2365 865 imperatore
2412 796 2557 839 non
2600 775 2779 839 anti·

541 881 841 974 quierem
884 879 1110 946 haberi
1142 879 1412 966 juberet
1431 926 1454 962 ,
1511 879 1584 944 ἰιι
1630 878 1866 946 Leakii
1910 876 2318 944 accuratiore
2372 877 2771 967 apographo
2844 923 2845 958 Τ

541 995 644 1052 est
704 1008 845 1070 τεγρ
872 1029 890 1049 .
918 1031 936 1048 .
966 1032 982 1048 .
1016 1031 1032 1047 .
1168 980 1476 1048 Ceterum
1519 980 1774 1047 Doride
1834 981 1992 1047 satis
2038 982 2434 1069 incorrupta
2483 989 2765 1044 utuntur

540 1087 721 1154 tituli
754 1086 1349 1176 Astypalaeenses,
1398 1083 1739 1149 breviores
1780 1093 2025 1168 tamen,
2071 1082 2273 1151 Ross.
2321 1081 2430 1148 ΙΙ.
2478 1107 2575 1147 ιιι.
2602 1082 2754 1148 153.

546 1187 673 1256 160
717 1188 839 1253 sub
884 1187 980 1253 M.
1026 1185 1307 1253 Aurelio
1350 1197 1415 1252 et
1459 1185 1639 1252 Vero
1684 1183 1938 1275 scripti.
2220 1179 2223 1182 ¹

663 1299 668 1304 '
712 1288 902 1377 Pag.
945 1290 989 1356 8
1056 1312 1173 1354 nr.
1222 1290 1288 1355 2.
1377 1287 1698 1354 Leakiani
1757 1287 1938 1354 tituli
1994 1311 2097 1352 nr.
2144 1286 2227 1353 71
2288 1296 2443 1352 octo
2505 1286 2755 1376 primos
2844 1305 2845 1320 ¹

545 1414 770 1459 versus
829 1389 1076 1458 nobilis
1139 1389 1409 1480 quidam
1468 1392 1562 1458 de
1621 1388 1915 1456 Seidel
1982 1389 2106 1458 sub
2165 1389 2436 1484 initium
2509 1389 2758 1456 saeculi

543 1491 780 1560 XVIII
824 1493 1359 1580 Peloponnesum
1403 1516 1762 1583 peragrans
1802 1492 2276 1582 descripserat,
2328 1492 2541 1579 cujus
2593 1495 2747 1559 sche-
2844 1573 2845 1580 ἵ

547 1594 650 1661 dis
711 1618 862 1660 cum
920 1594 1097 1661 hono
1154 1595 1375 1669 fructu
1419 1594 1682 1661 Reilius
1738 1618 1899 1661 usus
1945 1606 2045 1661 est
2102 1595 2175 1659 in
2220 1594 2463 1661 Anall.
2521 1595 2745 1687 Epigr.

544 1724 614 1791 p.
660 1697 745 1764 85
792 1720 978 1788 seqq.
1008 1745 1030 1781 ,
1118 1697 1200 1763 de
1265 1698 1521 1789 reliqua
1581 1720 1846 1789 quoque
1901 1695 2339 1785 inscriptione
2400 1697 2757 1790 diligenter

548 1810 1040 1865 commentatus.
1173 1800 1252 1864 In
1299 1799 1600 1866 versibus
1644 1811 1876 1891 quarto
1919 1810 1985 1865 et
2027 1799 2262 1890 quinto
2307 1799 2585 1867 licilius
2628 1828 2755 1870 non

547 1900 714 1969 vidit
775 1902 958 1968 nulla
1020 1902 1208 1969 litera
1276 1913 1518 1969 mutata
1584 1901 1776 1980 οὐδὴς·
1834 1900 1881 1966 i.
1930 1924 1989 1969 e.
2047 1900 2248 1977 οὐδείς
2312 1913 2384 1968 et
2444 1904 2757 1986 [an'noxa

549 2003 715 2087 (vid.
761 2003 827 2087 ξ.
872 2005 999 2103 44,
1042 2006 1115 2087 2)
1169 2004 1309 2093 legi
1369 2028 1611 2094 posse,
1693 2015 1766 2071 ut
1820 2027 2013 2074 nemo
2060 2016 2209 2071 ante
2254 2005 2512 2075 similes
2543 2008 2745 2074 victo·

548 2106 685 2174 rias
725 2118 1089 2194 reportasse
1135 2106 1410 2172 dicatur.
2618 2183 2627 2190 .

719 2206 824 2271 Pa
841 2233 909 2296 g.
972 2207 1077 2274 10.
1210 2209 1716 2274 Calaureaticus
1792 2207 1961 2276 alius
2038 2219 2215 2275 extat
2296 2209 2370 2275 in
2443 2210 2754 2301 Expedit.
2790 2229 2793 2234 ·
2844 2225 2845 2232 ’

553 2308 806 2378 Scieut.
854 2307 937 2375 de
980 2308 1206 2375 Mol-ee
1248 2310 1377 2375 111.
1426 2334 1529 2376 nr.
1555 2311 1635 2377 3.
1670 2333 1741 2399 p.
1766 2309 1873 2377 49.

717 2410 912 2501 Peg.
977 2412 1083 2478 11.
1194 2414 1506 2498 Delphici
1577 2409 1755 2477 tituli
1835 2436 1936 2478 ιιι.
2004 2410 2173 2478 1690
2243 2409 2545 2478 extrema
2612 2438 2756 2505 pars

551 2515 958 2581 emendatior
998 2516 1234 2582 tradita
1278 2525 1379 2581 est
1426 2539 1462 2580 a
1504 2514 1756 2580 Leakio
1798 2514 1847 2581 l.
1889 2513 1940 2579 l.
1988 2538 2091 2581 nr.
2120 2514 2270 2582 100.
2359 2515 2551 2583 Novi
2592 2518 2760 2584 tituli

552 2628 974 2684 accesserunt
1016 2617 1097 2683 al)
1142 2617 1304 2686 Ern.
1352 2616 1585 2683 Curtio
1627 2616 1811 2683 editi·
1834 2617 1904 2683 in
1949 2614 2129 2685 Mus.
2175 2615 2396 2683 Rhen.
2447 2618 2632 2687 Νῦν.
2669 2621 2754 2686 11.

550 2743 619 2810 p.
670 2721 797 2788 114
842 2743 1028 2811 seqq.
1059 2749 1078 2786 z
1170 2745 1272 2787 nr.
1323 2722 1399 2787 11
1463 2720 1793 2789 decretum
1852 2718 2460 2787 hieromnemonum
2482 2769 2509 2805 ,
2586 2724 2757 2815 quad

553 2845 637 2891 ex
677 2833 860 2912 parte
900 2822 1242 2913 vulgarem
1283 2822 1638 2889 dialectum
1682 2821 1996 2906 exhibetg,
2073 2846 2177 2887 ιιι.
2213 2823 2298 2893 12
2336 2822 2757 2913 Delphorum

556 2925 639 2993 de
681 2924 1033 3014 proxenia3
1119 2935 1449 3016 postremo
1491 2925 1661 2991 alius
1703 2923 1942 2993 titulus
1985 2924 2163 2993 servi
2204 2924 2624 2993 donationem
2669 2930 2758 2994 si·

556 3039 736 3097 stens
759 3074 782 3112 ,
870 3052 1066 3117 quem
1099 3116 1113 3121 -
1140 3037 1601 3095 tractaverunt·
1640 3026 2077 3099 Thierschius
2141 3028 2213 3095 in
2279 3028 2470 3095 Actis
2512 3031 2752 3097 -Aead.
2844 3094 2845 3097 ,

553 3129 738 3199 Mon.
773 3131 955 3198 1840
1001 3155 1067 3219 p.
1097 3129 1181 3199 67
1224 3142 1292 3197 et
1334 3131 1510 3204 idem
1556 3129 1830 3197 Curtius
1874 3129 1947 3195 in
1989 3128 2340 3221 Ephemm.
2388 3130 2544 3197 Jen.
2588 3134 2760 3203 1842
2844 3182 2845 3187 1

555 3252 659 3297 ιιι.
704 3232 856 3299 246.
2048 3296 2049 3299 ,
2844 3238 2845 3281 ἒ

726 3334 1027 3401 Phocicis
1078 3334 1246 3400 adde
1302 3335 1561 3403 decreta
1602 3335 2145 3424 Anticyrensium
2205 3337 2381 3426 apud
2434 3337 2762 3406 Leukimn

559 3438 608 3503 l.
655 3437 701 3505 l.
764 3459 865 3503 nr.
912 3433 1041 3517 96,
1101 3435 1288 3501 valde
1332 3438 1588 3503 mutila.
2198 3500 2205 3505 ,
2844 3454 2845 3457 ’

727 3539 919 3628 Peg.
970 3537 1075 3604 12.
1177 3537 1359 3603 Inter
1413 3543 1858 3627 Acarnaniam
1915 3544 2385 3635 inscriptiones
2444 3568 2598 3610 eam
2651 3568 2763 3610 ne·
2844 3554 2845 3561 ’

560 3642 933 3729 gleximus,
1011 3662 1182 3729 quae
1234 3664 1273 3705 a
1314 3640 1566 3709 Leukio
1623 3642 1694 3708 in
1738 3647 1969 3713 eodem
2011 3669 2211 3736 opere
2255 3647 2411 3714 Vol.
2463 3648 2594 3714 IV.
2661 3672 2762 3713 nr.
2844 3722 2845 3731 ἵ

563 3743 691 3810 164
731 3744 904 3811 edita
947 3757 1092 3826 est,
1161 3744 1234 3809 in
1275 3747 1356 3809 Aa·
1403 3747 1616 3811 Vasili
1657 3759 1936 3836 reperta.

729 3845 925 3935 Pag.
977 3847 1056 3911 13
1117 3845 1166 3910 l.
1219 3846 1285 3912 8.
1371 3847 1545 3934 Leg.
1596 3873 1711 3932 ,‚a.
1753 3848 1965 3918 282.“
2096 3851 2231 3918 Sed
2284 3853 2552 3941 fugerat
2610 3876 2761 3936 nos,

562 3946 742 4039 quod
783 3946 1158 4013 Boeckhius
1203 3946 1404 4038 Corp.
1455 3948 1668 4017 Inscr.
1716 3951 1793 4016 I.·
1833 3977 1903 4041 p.
1948 3953 2039 4021 85
2090 3965 2318 4021 contra
2364 3953 2761 4033 Castellum,

562 4073 764 4140 quem·
817 4050 1080 4138 sequuti
1134 4073 1392 4117 eramus
1417 4097 1439 4131 ‚
1502 4063 1569 4117 et
1610 4053 1776 4120 alios
1819 4056 2075 4121 monuit
2102 4105 2124 4140 ,
2191 4056 2516 4124 Gelenses
2564 4057 2763 4124 etiam

559 4153 737 4241 apud
782 4151 1172 4223 Ciceronem
1215 4151 1436 4227 (Verr.
1483 4153 1592 4237 11,
1629 4155 1708 4239 3,
1746 4157 1829 4223 43
1873 4168 1939 4223 et
1977 4159 2063 4241 4,
2105 4158 2218 4240 33)
2261 4159 2762 4225 commemorari

560 4265 626 4320 ct
675 4255 937 4323 titulum
1003 4265 1270 4343 propter
1328 4255 1559 4323 literae
1616 4255 1843 4349 Sigma
1902 4260 2147 4327 formas
2187 4266 2252 4324 Σ
2301 4270 2368 4326 et
2410 4259 2463 4326 C
2513 4261 2760 4350 promi-
