2875 5000
415 384 517 463 76
1129 385 1240 459 De
1277 378 1850 457 consonantibus.

419 587 859 679 Aristophane
899 584 1100 675 petita
1141 584 1222 651 ad
1262 582 1776 673 antiquissimam
1812 581 2131 649 Doridem
2170 583 2370 650 refert
2385 630 2410 664 ‚
2475 607 2592 650 ne·

421 714 553 783 que
592 687 820 754 ‘Giesio
861 686 1329 778 adstipulamur
1344 734 1366 772 ‚
1422 685 1538 776 qui
1579 685 1660 751 de
1700 684 1854 751 dial.
1894 685 2088 752 Aeol.
2130 708 2200 774 p.
2231 686 2358 753 310
2395 708 2592 776 seqq.

420 793 563 880 ejus
618 789 990 856 mutationis
1055 813 1368 855 summam
1431 785 1873 876 antiquitatem
1931 785 2085 852 inde
2148 786 2601 853 demonstrare

424 894 638 961 studet
654 941 677 976 ,
721 890 898 982 quod
937 889 1172 978 Argivi
1213 901 1279 955 et
1315 887 1690 980 Pamphylii
1730 887 2024 973 ejusdem
2063 887 2409 978 participes
2453 889 2602 955 fue-

420 995 573 1061 rint.
676 992 745 1059 N
747 1017 850 1058 am
898 994 1130 1057 horum
1181 1014 1333 1057 cum
1373 990 1746 1058 Laconibus
1787 989 2163 1075 conjunctio
2203 989 2409 1055 multo
2450 989 2604 1056 lon-

419 1095 730 1187 ginquior
784 1103 851 1157 et
903 1092 1163 1159 dialecti
1217 1116 1369 1160 cnm
1411 1093 1733 1159 Laconica
1789 1093 2100 1181 cognatio
2132 1092 2334 1158 multo
2377 1091 2607 1157 minor

421 1209 523 1264 est
539 1245 560 1282 ,
605 1217 797 1286 quam
841 1194 1240 1260 ltaliotarum
1279 1195 1384 1262 vel
1426 1194 1838 1261 Cretensium
1858 1240 1879 1278 ‚
1939 1217 2153 1283 neque
2195 1194 2608 1284 Argivorum

421 1296 639 1366 coloni
678 1294 923 1362 Rhodii
981 1307 1046 1371 et
1108 1297 1220 1362 alii
1273 1322 1309 1362 e
1363 1295 1706 1386 metropoli
1760 1320 1902 1362 eam
1941 1295 2202 1362 dialecti
2239 1296 2607 1388 proprieta-

418 1411 551 1466 tem
592 1408 963 1464 avexerunt.
1063 1399 1291 1488 Itaque
1332 1397 1541 1486 sigma
1581 1396 1889 1483 ejiciendi
1931 1420 2152 1483 amor,
2194 1422 2325 1488 quo
2368 1421 2607 1465 omnes

425 1500 660 1570 Graeci
698 1499 1097 1566 inclinarunt
1114 1548 1134 1584 ,
1206 1500 1376 1591 apud
1426 1499 1641 1566 varios
1684 1497 2081 1566 Graecorum
2116 1500 2399 1591 populos
2435 1510 2607 1568 tem·-

419 1625 583 1694 pore
615 1625 738 1668 nec
780 1601 965 1668 valde
1006 1601 1274 1692 antiquo
1317 1625 1533 1692 neque
1572 1600 1821 1668 recenti
1855 1601 2327 1692 casuquodam
2367 1602 2608 1669 solitos

419 1705 585 1771 fines
628 1703 986 1771 excessisse
1024 1704 1302 1771 videtur.
2456 1742 2460 1746 >

588 1803 660 1894 3)
742 1806 944 1896 Apud
987 1806 1287 1873 Lacones
1341 1806 1614 1897 spiritus
1666 1831 1858 1898 asper
1905 1831 2025 1898 pro
2066 1806 2275 1896 sigma
2314 1804 2612 1896 scriptus

422 1920 598 1976 extat
625 1909 697 1974 in
710 1908 900 1975 titulo
921 1908 1187 1999 antiquo
1208 1909 1432 1974 Rossii
1465 1934 1569 1974 nr.
1595 1908 1679 1975 33
1722 1908 1978 1988 (Lcahii
1998 1934 2103 1983 nr.
2132 1909 2268 1992 52),
2311 1907 2432 1999 qui
2454 1908 2611 1975 uni-

423 2035 565 2078 cam
603 2035 826 2078 vocem
868 2013 1070 2077 ἑποιεέ
1105 2011 1154 2076 i.
1204 2034 1265 2075 e.
1312 2012 1528 2090 ἑποίηὲ
1563 2035 1684 2101 pro
1713 2012 1976 2090 &uolnus
2015 2011 2300 2078 exhibet.
2399 2009 2609 2077 Prae-

420 2124 599 2180 terea
639 2111 956 2179 omittitur
1000 2136 1040 2176 σ
1091 2113 1164 2177 in
1216 2110 1809 2178 recentissimorum
1850 2113 2186 2179 titulorum
2219 2111 2612 2181 nominibus

422 2213 810 2306 quibusdam
848 2214 1173 2304 propriiS,
1217 2214 1600 2301 Κονοουρεῒς
1641 2238 1763 2305 pro
1804 2216 2373 2300 vaooovpet‘g'nr.
2406 2213 2606 2280 1347.

424 2317 630 2401 1386,
698 2315 1034 2402 Σώανὸρος
1090 2339 1212 2409 pro
1253 2315 1637 2401 Σώσανδρος
1691 2341 1794 2383 m·-
1846 2318 2049 2400 1250,
2111 2323 2178 2382 et
2227 2315 2297 2381 in
2343 2314 2614 2398 σαάμων

421 2442 542 2510 pro
589 2416 886 2500 σησάμων
926 2444 1030 2484 nr.
1067 2419 1274 2505 1464,
1316 2417 1552 2508 spiritu
1595 2440 1727 2483 non
1771 2418 1979 2509 magis
2022 2441 2358 2509 expresso,
2404 2442 2619 2509 quam

421 2521 497 2588 fit
550 2520 622 2586 in
677 2521 889 2587 fronte
944 2520 1427 2587 vocabulorum.
1535 2520 1997 2610 Aristophanis
2039 2521 2400 2610 Lysistrata
2436 2522 2613 2587 haec

424 2622 719 2713 exempla
773 2622 1001 2689 hahet=
1090 2626 1222 2686 πᾶα
1280 2621 1447 2705 995,
1535 2625 1675 2702 μαῖα
1729 2645 1850 2711 pro
1905 2626 2109 2703 μοῦσα
2165 2623 2353 2690 1249.
2403 2623 2609 2707 1298,

424 2726 692 2790 ἐκλιπῶα
752 2747 873 2815 pro
941 2726 1276 2788 ἐκλιποῦσα
1339 2723 1505 2791 1297
1523 2769 1545 2809 ,
1633 2728 1833 2788 κλεαῖα
1892 2745 2015 2817 pro
2080 2728 2346 2790 κλεοῧσα
2403 2725 2609 2809 1302,

423 2827 843 2909 θυρσαδδωᾶν
886 2829 994 2889 καὶ
1033 2827 1351 2890 παιδδωᾶν
1401 2847 1532 2916 ⁴pro
1587 2829 2042 2909 θυρσαζουσαῖν
2097 2831 2205 2891 καὶ
2244 2831 2611 2901 παιζουσῶν
2663 2866 2668 2871 ·

429 2927 632 3005 1313,
687 2924 1009 3008 πωτάομαι
1034 2950 1155 3017 pro
1197 2925 1564 3005 πωτῆσομαι
1606 2926 1810 3010 1013,
1877 2926 2115 3008 ὅρμαον
2153 2952 2272 3019 pro
2318 2928 2605 3015 ὅρμησον

428 3029 615 3097 1247.
726 3028 868 3096 Nec
908 3028 1126 3096 minus
1165 3026 1348 3114 χάΐος
1388 3054 1452 3094 v.
1498 3028 1605 3094 91.
1656 3027 1821 3106 1157
1876 3029 1922 3095 ἰ.
1970 3054 2030 3096 e.
2082 3029 2325 3113 ἀγαθός
2366 3054 2640 3096 secum.

427 3130 582 3197 dum
622 3130 868 3196 scholia
887 3177 908 3214 ,
993 3153 1114 3220 pro
1165 3128 1391 3216 χάσιος
1443 3153 1587 3195 esse
1630 3130 1922 3215 videtur,
2010 3132 2184 3220 quod
2225 3130 2602 3220 Hesychius

423 3256 544 3323 per
595 3229 871 3314 ἀγαθός,
928 3230 1201 3317 χρηστός
1239 3232 1541 3321 explicat.
1643 3231 1765 3296 Illa
1806 3231 2133 3297 Laconica
2171 3231 2351 3298 vocis
2391 3234 2604 3301 forma

422 3335 579 3401 latet
621 3345 951 3426 praeterea
992 3333 1061 3399 in
1105 3333 1394 3421 Hesych.
1442 3332 1592 3419 χαιά
1611 3380 1632 3417 ,
1696 3332 1902 3417 ἀγαθή
1950 3377 2029 3386 --
2071 3334 2287 3419 χαιός,
2354 3334 2602 3417 ἀγαθός

422 3448 489 3503 et
556 3435 744 3522 ἇχαιά
791 3482 1087 3501 .....
1131 3434 1434 3510 Λάκωνες
1497 3438 1561 3498 δὲ
1624 3435 1873 3519 ἀγαθά,
1959 3445 2285 3524 postremo
2344 3436 2638 3526 Scholl„

420 3538 703 3605 Theocr.
751 3537 931 3622 Vll,
989 3536 1030 3601 5
1085 3537 1239 3622 χαόν
1293 3539 1523 3620 λέγεται
1578 3535 1646 3602 τὸ
1703 3536 1940 3620 ἀγαθᾶν
1974 3536 2155 3622 παρὰ
2198 3542 2605 3626 Λακεδαιμο-

424 3644 601 3715 νίοις.
688 3638 907 3729 Ipsius
952 3638 1289 3704 Theocriti
1350 3643 1519 3724 χαοὶῖν
1556 3639 1746 3705 nobis
1792 3640 2347 3729 suspectissimum
2390 3652 2490 3707 est
2531 3655 2604 3708 et
2703 3727 2709 3732 ⁴
2825 3677 2826 3732 3

423 3741 633 3831 placet
656 3740 963 3829 Briggsii·
989 3739 1350 3808 emendatio
1391 3746 1589 3806 παάῖν.
1678 3741 1888 3806 Etiam
1934 3742 2211 3819 ἀπήλααν
2257 3744 2415 3811 ’1001
2441 3743 2602 3829 jure

425 3842 651 3908 Gicsio
692 3851 1064 3934 corruptum
1118 3841 1373 3910 videtur
1426 3869 1510 3909 ex
1564 3843 1849 3921 ἀπήλααν
1904 3866 2025 3934 pro
2097 3843 2457 3929 ἀπήλασαν,
2522 3858 2604 3911 nt

422 3945 767 4011 scholiasta
808 3945 1111 4035 explicat.
1199 3946 1341 4012 Nec
1382 3944 1600 4010 minus
1642 3968 1761 4035 pro
1804 3944 2115 4026 Μναμόνα
2158 3947 2364 4030 1248,
2418 3948 2603 4038 quod

423 4047 616 4114 nihili
671 4056 772 4112 est
789 4095 811 4132 ‚
897 4071 1097 4137 quum
1154 4046 1222 4112 in
1279 4057 1464 4138 parte
1522 4047 1833 4114 librorum
1875 4046 2273 4130 Μναμοσῷνα
2314 4048 2597 4138 legatur,

421 4149 887 4216 restituendum
929 4162 1232 4241 putamus
1268 4149 1643 4230 Μναμοΰνα.
1733 4148 1836 4214 De
1861 4153 2121 4233 γερωΐα,
2166 4151 2343 4240 quod
2365 4175 2430 4216 v.
2465 4150 2600 4232 980

419 4252 931 4342 rescripserunt,
977 4275 1172 4344 supra
1215 4250 1497 4318 diximus
1541 4244 1601 4339 ἓ.
1632 4249 1699 4334 6,
1726 4250 1791 4317 6.
1884 4250 2220 4317 Servatum
2261 4263 2360 4318 est
2386 4251 2596 4340 sigma
