2875 5000
457 1599 768 1668 Index
822 1599 1268 1683 signorum
1311 1604 1403 1669 et
1444 1602 2254 1669 abbreviatlommn.

1054 1825 1668 1835 -mm

380 2075 471 2131 Ad
518 2091 622 2144 ea,
690 2076 909 2144 quibus
956 2074 1015 2130 in
1054 2075 1237 2130 Libro
1271 2075 1471 2132 Primo
1522 2074 1609 2131 usi
1656 2090 1876 2144 sumus,
1941 2089 2121 2147 pauca
2170 2073 2462 2143 accedunt,

239 2187 388 2241 quae
418 2171 829 2243 explicatione
863 2187 1036 2241 egere
1071 2171 1355 2228 videntur.

377 2298 539 2348 Acr.
614 2293 1030 2363 InscrIptiones
1064 2293 1344 2348 Acrenses
1382 2292 1501 2350 vid.
1535 2311 1590 2364 p.
1630 2296 1716 2350 1³.

376 2396 549 2462 Agr.
624 2391 938 2446 Decretum
976 2389 1483 2460 Agrigentinorum
1519 2389 1664 2445 ibid.

380 2489 625 2561 Amph.
697 2488 1006 2544 Decretum
1040 2486 1525 2559 Amphictyonum
1559 2485 1625 2542 C.
1661 2484 1709 2543 1.
1757 2502 1843 2540 nr.
1881 2487 2021 2545 1688
2071 2484 2187 2543 vid.
2222 2488 2388 2560 p.n.

377 2581 575 2642 Chal.
651 2586 836 2641 Tituli
872 2584 1201 2641 Chalienses
1237 2584 1355 2640 vid.
1392 2584 1537 2640 ibid.

371 2682 548 2754 Cyr.
627 2681 814 2736 Tituli
851 2680 1159 2753 Cyrenaici
1195 2680 1313 2735 vid.
1350 2698 1408 2752 p.
1446 2683 1534 2737 1⁷.

371 2777 536 2832 cel.
607 2777 915 2832 Decretum
950 2776 1283 2832 Gelensium
1330 2776 1452 2832 vid.
1484 2794 1543 2848 p.
1579 2779 1665 2834 13.

369 2874 426 2928 Η
438 2891 475 2928 e
490 2890 524 2927 ι·
535 2889 611 2927 m.
686 2872 870 2927 Tituli
907 2872 1372 2929 Hermionenses.

369 2966 531 3037 Igu.
565 2968 743 3023 26⁷⁰
785 2965 903 3023 vid.
955 2984 1011 3038 p.
1054 2970 1140 3024 15.

364 3063 501 3119 lss.
572 3062 756 3118 Tituli
791 3063 1046 3118 Issenses
1082 3061 1198 3117 vid.
1238 3080 1297 3135 p.
1336 3067 1422 3122 13.

366 3158 438 3215 L.
475 3168 577 3216 aut
614 3157 832 3216 Leak.
884 3160 1136 3216 numeris
1168 3159 1427 3215 additum
1472 3157 1689 3216 iudicat
1725 3156 2125 3229 inscriptiones
2158 3173 2192 3213 a
2225 3157 2450 3214 Leakio

509 3254 574 3309 in
625 3255 877 3311 Μοῖρα
926 3264 1025 3309 aut
1088 3254 1148 3310 in
1205 3254 1496 3311 Itinere
1548 3270 1675 3326 per
1729 3254 2111 3310 Graeciam
2159 3263 2450 3326 septen-

512 3351 904 3407 trionalem
939 3351 1142 3410 editas.

364 3448 533 3505 Lac.
604 3447 792 3503 Tituli
846 3448 1119 3503 Laconici
1171 3457 1231 3505 et
1290 3446 1455 3503 Lac.
1490 3464 1631 3504 rec.
1682 3446 2032 3505 recentiores
2077 3457 2208 3519 post
2256 3462 2308 3502 a·
2342 3448 2450 3504 2oe

505 3545 732 3618 scripti.
1338 3617 1351 3630 θ

359 3642 427 3698 Μ
443 3643 633 3712 egal.
709 3642 892 3698 Tituli
925 3640 1422 3713 Megalopolitani.

359 3737 459 3793 R..
480 3746 577 3793 aut
608 3736 808 3794 Ross.
863 3736 1113 3792 numeris
1148 3736 1405 3793 additum
1442 3737 1662 3795 indicat
1694 3739 1893 3795 titulos
1925 3755 1963 3795 a
1991 3739 2204 3797 Rossio
2235 3739 2296 3796 in
2332 3741 2445 3796 In-

497 3835 1056 3907 scriptionibus
1109 3835 1416 3892 Graecis
1465 3836 1630 3894 Fasc.
1670 3837 1722 3893 1.
1761 3836 1841 3892 11.
1891 3847 1951 3896 et
2002 3837 2168 3896 Actis
2215 3838 2443 3895 Acade-

497 3929 646 3985 miae
683 3929 1081 3993 Monacensis,
1133 3928 1250 3987 vid.
1288 3948 1346 4001 p.
1387 3931 1485 3999 15,
1537 3929 1745 3988 editos.

353 4026 530 4096 Teg.
602 4026 788 4083 Tituli
825 4024 1162 4096 Tegeatici,
1238 4035 1296 4081 et
1332 4025 1500 4096 Teg.
1537 4026 1609 4083 Η.
1645 4024 1716 4080 L.
1753 4025 1808 4083 is
1841 4042 2008 4096 quem
2041 4027 2282 4085 Rossius
2314 4026 2442 4082 edi-

500 4122 589 4180 dit
619 4123 685 4179 in
718 4122 1199 4195 Ephemeridibus
1234 4122 1578 4180 Halensibus
1613 4123 1731 4182 vid.
1768 4143 1827 4197 p.
1863 4128 1918 4185 9.

350 4244 421 4301 Si
457 4261 570 4315 qua
613 4254 916 4318 praeterea
964 4245 1207 4301 obscura
1253 4245 1578 4312 videantur,
1642 4264 1839 4304 eorum
1882 4258 2216 4322 potestatem
2264 4247 2438 4304 facile

214 4356 256 4395 e
299 4340 348 4409 §-
379 4343 420 4400 2
465 4357 800 4412 cognosces.
880 4341 1151 4413 Numeri,
1212 4341 1423 4412 quibus
1456 4342 1606 4398 nihil
1641 4342 1895 4401 additum
1932 4354 2046 4415 est,
2107 4342 2179 4399 ad
2215 4343 2437 4414 Corpus
