2875 5000
551 518 704 597 564
1155 516 1500 594 Addenda
1548 529 1622 591 et
1660 516 2134 619 Corrigenda.

558 749 707 792 rum
756 724 1126 791 Ἱπποκλέαν
1185 724 1436 792 dicunt.
1540 724 1838 815 Apparet
1896 734 2112 792 autem
2130 773 2156 812 ,
2232 724 2667 792 scholiastcn
2721 725 2787 792 id

558 848 800 895 nomen
842 851 977 894 non
1020 851 1058 894 e
1102 827 1291 896 docta
1332 826 1613 917 quadam
1655 826 2008 893 traditione
2027 877 2052 907 ,
2117 828 2234 893 sed
2280 853 2375 896 ex
2417 828 2583 919 ipso
2627 829 2785 894 Pin-

559 930 717 998 daro
760 929 1087 996 hausisse.
1190 929 1333 994 vix
1385 939 1604 994 tamen
1660 940 1838 996 recte
1890 929 2242 1019 collegeris
2268 978 2290 1015 ‚
2370 954 2535 996 eum
2579 931 2777 998 altero

556 1035 708 1101 loco
727 1033 1100 1100 Ἱπποκλέαν
1140 1031 1454 1121 scriptum
1499 1031 1876 1117 iuvenisse3
1935 1033 2051 1099 sed
2092 1055 2297 1122 quum
2349 1033 2555 1122 prior
2593 1034 2774 1100 locus

559 1135 642 1201 de
684 1135 973 1202 nominis
1015 1135 1224 1201 forma
1267 1133 1493 1200 testari
1537 1132 1915 1217 rideretur,
1980 1135 2261 1201 alterum
2303 1135 2554 1201 minus
2589 1158 2771 1201 cura-

554 1238 676 1305 vit.
765 1237 1201 1327 Antiquiores
1244 1236 1403 1304 illos
1433 1279 1456 1321 9
1522 1237 1640 1326 qui
1684 1235 1960 1302 Pindari
2002 1237 2294 1303 carmina
2342 1238 2775 1327 collegerunt

555 1349 623 1406 et
677 1339 1161 1428 inscripserunt
1184 1385 1208 1424 ,
1292 1349 1404 1404 aut
1447 1361 1556 1405 eas
1604 1339 1816 1404 solum
1874 1340 2117 1405 formas
2172 1339 2426 1431 legisse
2481 1363 2664 1430 quac
2698 1340 2768 1407 ad

553 1441 1028 1508 nominativum
1081 1442 1422 1519 Ἱπποκλῆς
1478 1440 1713 1516 referri
1766 1452 2088 1530 possent,
2165 1453 2279 1506 aut
2331 1444 2468 1509 hoc
2544 1467 2758 1510 nonen
2860 1495 2861 1528 ff

553 1553 620 1610 et
654 1541 1029 1619 Ἱπποκλέας
1070 1565 1205 1609 non
1247 1541 1508 1609 diversa
1555 1541 1968 1612 existimasse
1990 1587 2014 1625 ,
2097 1544 2371 1634 antiqua
2416 1541 2743 1634 inscriptio
2860 1541 2861 1546 ¹

549 1646 869 1711 Ἱπποκλεῖ
904 1644 1235 1735 patefacit.
1327 1644 1516 1727 Quae
1558 1668 1762 1733 quum
1802 1643 1895 1708 ita
1940 1644 2116 1729 sint,
2185 1670 2428 1736 parum
2479 1661 2673 1715 caute
2700 1650 2743 1712 is

551 1770 750 1839 agere
778 1746 1238 1840 videtur‚‘qui
1281 1748 1487 1816 altero
1530 1747 1677 1814 loco
1719 1746 1979 1813 literam
2024 1748 2172 1815 sine
2213 1747 2419 1818 libris
2466 1750 2753 1817 addendo

549 1847 992 1918 accusativum
1030 1849 1397 1915 Ἱπποκλέαν
1442 1850 1714 1935 efficiat3
1773 1872 1922 1913 nam
1963 1848 2342 1933 Ἱπποκλέᾶ,
2393 1852 2581 1941 quod
2618 1875 2753 1943 pro·

549 1952 896 2045 posuimus
917 2000 939 2037 ‚
1001 1951 1256 2018 etiamsi
1291 1952 1514 2042 priore
1556 1953 1707 2019 loco
1744 1950 2080 2032 Ἱπποκλέᾳ
2120 1962 2397 2037 teneas,
2455 1978 2593 2018 non
2635 1955 2752 2019 mi·

549 2079 680 2122 nus
733 2053 894 2121 ferri
950 2065 1168 2143 potest
1188 2101 1210 2140 ,
1286 2078 1482 2145 quam
1542 2054 1613 2120 iu
1671 2054 1896 2122 eadem
1947 2053 2288 2120 Plutarchi
2345 2057 2741 2145 paragrapho

551 2152 607 2223 οἷ
641 2158 1014 2238 Πατροκλέα
1057 2168 1124 2222 et
1155 2155 1595 2242 Πατροκλέους
1625 2155 1860 2243 juncta
1902 2166 2080 2222 sunt.
2167 2155 2416 2246 Neque
2455 2158 2546 2223 Gr.
2584 2158 2752 2222 Rer-

548 2282 831 2328 mauuus
877 2258 1246 2326 audiendus
1290 2270 1437 2344 est,
1509 2282 1711 2348 quum
1756 2258 1826 2324 in
1868 2257 2471 2326 Emendationibus
2521 2260 2756 2326 Pinda-

545 2361 707 2429 ricis
740 2359 1094 2427 dictionem
1135 2361 1459 2452 poeticam
1502 2361 1853 2427 articulum
1894 2358 2003 2424 τᾶν
2027 2362 2407 2427 Ἱπποκλέαν
2449 2387 2595 2429 ιιοιι
2639 2365 2756 2429 fer·

546 2488 618 2532 re
676 2463 980 2553 opinatus
1035 2462 1143 2531 τὸν
1186 2464 1524 2531 Ἱπποκλέα
1570 2489 1610 2529 σ
1681 2461 1772 2528 ἔτι
1823 2461 2135 2553 scripsit,
2220 2473 2297 2529 ut
2339 2463 2755 2556 Hippocleae

545 2579 730 2660 pater
772 2567 1001 2634 eodem
1044 2567 1309 2634 nomine
1352 2591 1518 2634 usus
1562 2566 1672 2632 sit.
1806 2563 1964 2632 Sola
2007 2565 2184 2632 enim
2226 2566 2473 2656 Pythia
2542 2570 2753 2659 perlu-

548 2671 781 2738 stranti
824 2670 948 2736 tria
986 2670 1252 2737 articuli
1294 2694 1446 2737 cum
1489 2668 1870 2736 nominibus
1906 2667 2129 2755 juncti
2173 2671 2473 2759 exempla
2524 2695 2604 2738 se
2646 2673 2751 2740 oh·

546 2773 888 2839 tulerunt·
978 2773 1098 2857 II,
1145 2773 1229 2838 73
1296 2775 1330 2838 ὅ
1384 2772 1885 2855 Ῥαδάμανθυς,
1971 2770 2097 2856 IV,
2142 2769 2229 2837 66
2289 2772 2331 2837 ἅ
2385 2797 2451 2836 τε
2514 2774 2752 2860 Πυθώ,

544 2873 693 2961 xl,
742 2875 824 2943 59
880 2872 987 2941 τὰν
1025 2872 1285 2958 Ἰφικλει
1277 2875 1402 2939 ’δαν
1441 2871 1705 2940 Ἰόλαον.
1817 2872 2053 2939 Restat
2093 2884 2167 2938 ut
2209 2872 2292 2939 de
2331 2874 2563 2964 priore
2604 2877 2752 2944 loco

546 2976 865 3044 dicamus.
930 2976 1066 3043 Ubi
1110 2977 1170 3043 si
1214 2977 1367 3067 quis
1409 2978 1712 3044 traditam
1758 2974 2109 3043 lectionem
2149 2976 2478 3043 mordicus
2521 2990 2752 3045 tenere
2860 3026 2861 3029 κ

543 3080 705 3148 velit
725 3127 747 3164 ‚
807 3102 985 3146 nuuc
1028 3080 1294 3171 quidem
1336 3103 1475 3147 uon
1516 3068 1902 3147 conabimur
1944 3102 2086 3144 eam
2127 3088 2202 3143 ut
2244 3079 2579 3146 barbaram
2622 3104 2750 3170 pcr

542 3179 676 3248 vim
731 3180 986 3279 eripere
1010 3226 1032 3265 ‚
1121 3183 1238 3249 sed
1278 3183 1629 3250 lectionem
1675 3193 1961 3261 nostram
1983 3228 2006 3267 ,
2088 3205 2256 3272 quae
2300 3207 2386 3248 ne
2430 3207 2564 3249 una
2606 3183 2754 3274 qui-

545 3280 707 3345 dem
739 3282 950 3347 litera
973 3296 1216 3352 mutata
1260 3285 1758 3353 insolentiorem
1802 3295 1868 3350 et
1906 3307 2029 3375 pro
2070 3283 2303 3350 aetatis
2346 3291 2614 3352 ratione
2646 3310 2755 3353 su-

445 3416 450 3423 ·
544 3392 832 3474 spectam
889 3385 1180 3452 nominis
1235 3389 1511 3453 formam
1554 3410 1831 3478 eamque
1882 3406 2111 3475 parum
2155 3387 2476 3453 munitam
2538 3414 2756 3457 remo-

537 3496 649 3555 vet
672 3532 695 3571 ,
758 3483 1133 3553 etiamnunc
1174 3488 1371 3553 nobis
1415 3513 1550 3556 non
1595 3488 1950 3579 displicere
1993 3488 2205 3554 libere
2246 3490 2670 3576 profitemur.

710 3589 820 3655 Pa
839 3612 905 3677 g.
958 3586 1083 3656 160
1141 3589 1192 3657 l·-
1238 3589 1342 3656 15.
1446 3590 1644 3658 Adde
1684 3594 1899 3666 Βοῦλις
1944 3588 2281 3656 Cretensis
2325 3614 2584 3660 nomen
2629 3596 2750 3662 Po·

539 3688 683 3780 lyl).
730 3690 941 3770 VIII,
990 3691 1075 3758 17
1133 3692 1182 3758 i.
1232 3714 1295 3759 e.
1340 3694 1654 3772 Βουλίας,
1738 3713 1954 3783 neque
2004 3692 2202 3758 eredo
2258 3693 2342 3759 ab
2398 3694 2754 3764 Herodoto

539 3791 711 3869 Vll,
747 3794 874 3859 134
915 3792 1142 3861 virum*
1167 3794 1560 3887 Spartanum
1593 3795 1780 3883 justa
1818 3791 2110 3860 nominis
2153 3797 2366 3863 forma
2407 3799 2758 3868 Laconica

538 3897 771 3960 Βοῦλιν
810 3897 1153 3986 appellari.

708 3996 1070 4085 Pag.161
1128 3996 1333 4067 l.13.
1423 3992 1531 4065 De
1572 4004 1968 4089 κωραλίσκος
2007 4002 2096 4069 cf.
2144 4003 2374 4094 Bergk
2413 4003 2499 4071 de
2542 4007 2753 4100 reliq.

539 4120 711 4165 com.
756 4100 901 4164 Att.
953 4123 1027 4189 Ρ.
1074 4099 1226 4168 431.

706 4199 921 4267 Ihid.
969 4214 1134 4269 not.
1182 4203 1447 4294 Eadem,
1475 4202 1881 4276 traduntur
1858 4235 1933 4277 ιιι
1966 4208 2756 4280 Aneedd.Pa1-iss.111.

537 4322 607 4392 p.
655 4302 825 4387 344,
888 4326 974 4372 ne
1015 4304 1125 4371 hic
1169 4306 1437 4397 quidem
1479 4306 1760 4402 integra.
1900 4376 1905 4381 .

705 4404 898 4496 ,Pag.
950 4405 1075 4473 162
1134 4407 1184 4474 l.
1235 4410 1318 4476 10
1360 4434 1590 4504 seqq.
1679 4412 1883 4504 Apud
1926 4413 2401 4519 Callimpchum
2441 4415 2614 4484 talia
2655 4418 2760 4484 le·
2856 4398 2857 4431 ³
