2875 5000
555 491 708 570 532
1157 485 1499 562 Addenda
1550 500 1622 559 et
1675 484 2142 584 Corrigenda.
2426 465 2441 524 ¹

561 697 853 767 (letrihe.
963 698 1045 763 L.
1077 695 1138 761 1.
1196 696 1940 760 OYNEIOEANTIO.
2053 687 2137 752 L.
2167 687 2230 752 2.
2289 688 2773 749 NEIEHYP-

560 807 851 870 PINAI.
983 799 1068 864 L.
1099 798 1163 863 3.
1208 799 1568 861 MAKOS.
1698 793 1782 860 L.
1828 792 1872 858 9
1913 792 2066 855 fort.
2118 786 2561 863 Θεοςδότειος.
2672 786 2768 853 L.

564 904 669 972 10.
712 904 791 968 11
835 902 988 967 fort.
1032 898 1553 983 Ἐργοφιλίντιος.
1682 893 1767 958 L.
1805 893 1909 959 12.
1949 892 2055 957 13.
2101 888 2627 956 Cleomachidas
2668 897 2773 952 est

561 1028 799 1071 nomen
845 1001 1305 1069 Thessalicum
1348 999 1480 1065 vid.
1528 998 1691 1085 Pap.
1737 994 1905 1060 Lex.
2058 993 2143 1056 L.
2193 993 2283 1057 14
2334 993 2505 1056 fort.
2565 998 2763 1074 Κρεο-

561 1109 760 1191 γαῒος.
869 1104 953 1169 L.
985 1101 1088 1169 16.
1141 1102 1777 1167 ΠΡΛΚΛΕῙΛΑΣ.
1887 1094 1970 1160 L.
2005 1095 2092 1160 20
2132 1095 2289 1159 fort.
2335 1090 2753 1177 'Epoecoxuac

563 1209 613 1273 i.
657 1231 717 1273 e.
766 1204 1188 1292 Ἐρατοκλεάς
1230 1203 1366 1268 vid.
1412 1197 1723 1267 Addend.
1767 1198 1851 1263 ad
1890 1197 1974 1262 L.
2013 1196 2081 1261 ΙΙ
2123 1220 2194 1285 p.
2231 1194 2384 1261 146.

729 1406 798 1480 2)
872 1404 1240 1469 Accentum
1283 1402 1357 1466 in
1396 1400 1610 1467 titulis
1652 1397 2097 1488 exprimendis
2141 1397 2223 1462 ad
2265 1397 2627 1486 vulgarem
2663 1418 2758 1459 ra—

562 1506 806 1574 tionem
871 1503 1419 1571 conformavimus
1449 1550 1471 1587 ‚
1559 1525 1933 1593 quanquam
1998 1525 2087 1566 eo·
2140 1500 2559 1566 inclinamus
2590 1545 2614 1581 ,
2690 1507 2756 1561 ut

564 1608 920 1675 'thessalos
982 1605 1337 1672 Lesbiaca'c
1395 1605 1648 1670 tonosis
1717 1602 2070 1693 participes
2141 1603 2354 1667 fuisse
2426 1599 2755 1666 existime-

565 1734 733 1778 mus.
781 1745 864 1759 -·
955 1707 1207 1797 Spiritu
1248 1730 1486 1796 aspero
1530 1706 1893 1771 Thessalos
1948 1728 2079 1771 uon
2138 1705 2437 1769 caruisse
2492 1711 2759 1793 apparet

567 1838 606 1880 e
646 1811 930 1884 πόθοδος
971 1834 1075 1874 ur.
1125 1810 1161 1874 1
1208 1818 1371 1873 extr.
1461 1807 1638 1896 Ipsis
1682 1819 1897 1872 tamen
1941 1806 2211 1873 Lesbiis
2255 1805 2326 1869 in
2372 1804 2534 1880 ὁδός
2577 1828 2754 1896 aspe-

565 1912 714 1980 rum
755 1912 1235 1977 concessimus.
1281 1948 1362 1960 --
1446 1909 1797 1999 Digammi,
1840 1933 1929 1974 ne
1982 1909 2197 1974 ullum
2238 1907 2512 1998 quidem
2559 1907 2755 1974 resti-

569 2017 750 2106 gium
790 2012 1115 2102 reperitur
1139 2059 1164 2093 ,
1220 2021 1292 2076 ut
1335 2013 1607 2094 ἰσοτιμία
1650 2037 1753 2077 ur.
1784 2014 1871 2094 2,
1917 2010 2299 2095 ’.Απόμαχος
2340 2012 2532 2075 ur.2.
2564 2010 2633 2075 8.

734 2115 804 2196 3)
889 2113 993 2178 De
1057 2114 1315 2195 Κιέριον
1380 2113 1519 2179 sive
1585 2115 1852 2201 Πιέροον
1918 2113 2004 2177 cf.
2054 2113 2262 2178 Leak.
2319 2109 2427 2176 lv
2481 2135 2553 2201 p.
2596 2111 2751 2195 553,

567 2217 684 2307 qui
748 2215 999 2280 confert
1051 2213 1381 2304 duplicem
1443 2215 1728 2280 nominis
1793 2216 2066 2281 formam
2127 2213 2347 2277 Πύδνα
2417 2224 2485 2278 et
2538 2212 2753 2280 Κύδνα

566 2316 742 2407 apud
802 2315 1027 2404 Steph.
1089 2316 1256 2405 Byz.
1329 2341 1384 2381 s·
1431 2340 1496 2383 v.
1540 2317 1781 2383 Κύδνα.
1846 2351 1933 2364 —-
2055 2315 2169 2379 Ad
2234 2315 2470 2380 miram
2527 2340 2754 2383 vocem

569 2419 799 2506 δαύχνα
852 2420 939 2501 (Ἰ)
999 2441 1121 2508 pro
1183 2418 1384 2502 δάφνη
1445 2421 1673 2485 confer
1727 2419 1979 2485 Scholl.
2045 2416 2327 2483 Nicand.
2390 2417 2613 2484 Ther.
2670 2421 2754 2486 94

566 2523 910 2606 Ἀντίγονος
969 2524 1036 2585 δὲ
1090 2521 1243 2604 λέγει
1303 2520 1699 2605 δαύχμου·
1790 2520 1921 2585 ἔστι
1966 2523 2031 2584 δὲ
2087 2519 2289 2602 δάφνη
2347 2520 2606 2605 πικρά,
2693 2530 2753 2586 et

569 2626 863 2714 Hesych.
915 2626 954 2685 δ
966 2648 1056 2687 av
1068 2649 1108 2708 χ
1123 2621 1307 2705 pov,
1367 2621 1703 2705 ἔγκαυστον
1746 2621 1924 2699 ξύλον
1968 2622 2212 2705 δάφνης
2259 2623 2605 2714 (suspicor
2645 2624 2751 2689 δά-

572 2730 795 2811 φνην),
859 2734 1183 2815 postremo
1224 2724 1507 2791 Nicand.
1548 2723 1745 2790 Alex.
1796 2725 1939 2791 198.
2102 2732 2121 2746 ‘

739 2827 1028 2893 Πολλάκι
1071 2824 1141 2888 δ’
1182 2827 1227 2904 ἦ
1271 2829 1438 2904 orme
1483 2825 1670 2910 ἀμιγῆ
1710 2825 1897 2891 πόσιν
1936 2826 1981 2902 ἢ
2025 2824 2147 2890 ἇπὸ
2195 2825 2437 2909 δάφνης

745 2931 1049 3011 Τεμπίδος
1089 2928 1135 3004 ἦ
1179 2929 1472 3012 δαυχμοῒο
1520 2929 1740 3011 φέροις
1782 2929 1849 2990 ἔκ
1891 2928 2118 2991 καυλεά
2157 2927 2395 3013 κόψας,

736 3032 783 3108 ἢ
822 3029 1037 3110 πρώτη
1093 3032 1359 3111 Φοίβοιο
1404 3030 1735 3111 κατέστεφε
1775 3030 2059 3111 Δελφίδα
2099 3033 2337 3115 χαίτην.

570 3131 1005 3198 Restituimus
1072 3133 1364 3216 δαυχμοῒο
1433 3156 1470 3197 e
1531 3130 1724 3196 libris
1792 3154 1910 3219 pro
1952 3120 2225 3198 *dazixooo
2251 3182 2272 3210 ‚
2358 3146 2424 3198 et
2486 3147 2758 3224 apparet

584 3234 885 3312 Τεμπίδος
929 3257 1076 3298 cum
1119 3234 1412 3318 δαυχμοῒο
1449 3232 1866 3327 jungendum
1905 3256 2052 3299 esse
2097 3246 2291 3323 atque
2333 3234 2448 3312 τήν
2484 3237 2756 3323 δαυχμόν

569 3330 642 3397 id
698 3330 914 3418 ipsum
970 3333 1140 3397 lauri
1198 3359 1408 3422 genus
1466 3335 1856 3425 appellatum
1899 3334 2107 3401 fuisse
2131 3384 2152 3420 ‚
2214 3338 2393 3425 quod
2440 3338 2758 3428 Apollini

585 3433 884 3517 Τεμπείτᾳ
927 3442 994 3498 et
1033 3433 1272 3521 Pythio
1317 3457 1574 3501 sacrum
1608 3448 1775 3500 erat.
1906 3435 2135 3525 Itaque
2179 3438 2474 3527 suspicio
2519 3444 2756 3527 oritur,

570 3558 657 3600 ue
703 3533 1393 3621 ἆρχιδαυχμαφορείσας
1436 3536 1894 3623 corrigendum
1940 3539 2068 3625 sit3
2147 3538 2385 3605 deinde
2426 3543 2598 3608 satis
2645 3545 2759 3609 du-

570 3639 752 3705 bium
797 3661 940 3703 esse
979 3635 1277 3719 videtur,
1323 3646 1541 3705 utrum
1587 3638 1855 3722 δαυχμός
1895 3638 2153 3725 (δαύχνα
2168 3638 2237 3725 ’1)
2283 3642 2425 3708 sola
2472 3644 2763 3712 dialecto

569 3765 611 3804 a
667 3739 871 3823 δάφνη
928 3739 1257 3805 diversum
1324 3737 1410 3804 sit
1472 3763 1553 3803 an
1612 3762 1767 3806 casu
1828 3742 2048 3831 aliqua
2102 3744 2251 3808 soni
2317 3743 2766 3812 similitudine

572 3851 810 3905 utatur.
856 3882 938 3893 --
1009 3840 1277 3929 Duplex
1316 3841 1566 3929 liquida
1613 3854 1939 3931 spectatur
1979 3844 2051 3908 in
2093 3849 2547 3929 Κρανουννίοις
2589 3851 2765 3914 nr.1

571 3941 621 4007 1.
669 3941 745 4022 7,
808 3941 926 4005 sed
967 3942 1283 4030 lapicidae
1306 3989 1328 4026 ,
1384 3954 1461 4007 ut
1499 3943 1796 4028 videtur,
1851 3946 2044 4035 culpa
2084 3970 2392 4035 perverse
2434 3949 2771 4017 collocata

572 4066 692 4133 pro
733 4046 1202 4125 Κραννουνίοις.
1254 4082 1333 4093 --
1442 4044 1831 4112 consonans
1872 4073 1912 4110 ,κ
1955 4048 2388 4136 praefigentes
2438 4049 2769 4123 Thessali

573 4142 820 4207 καπάνα
861 4142 1165 4208 dicelmnt
1199 4169 1321 4234 pro
1367 4143 1570 4224 ἀπήνη
1616 4147 1748 4213 vid.
1796 4148 1880 4213 L.
1911 4149 2002 4215 Π.
2052 4152 2262 4235 §.19‚
2308 4151 2371 4215 5.
2419 4172 2481 4216 e.

738 4241 814 4328 4)
903 4244 1146 4311 Contra
1187 4245 1366 4333 ἱαρόν
1405 4260 1510 4314 est
1552 4273 1655 4313 nr.
1683 4251 1726 4315 2
1766 4248 1814 4315 l.
1858 4250 1982 4337 26,
2041 4274 2234 4343 quem
2273 4249 2546 4317 titulum
2589 4252 2769 4318 anti-

575 4345 869 4433 quiorem
928 4356 1228 4436 putamus
1284 4370 1482 4436 quam
1543 4374 1648 4416 nr.
1695 4350 1882 4418 1766.
1946 4393 2030 4409 --
2127 4360 2182 4419 Ο
2236 4377 2359 4444 pro
2419 4380 2463 4418 α
2520 4364 2629 4420 est
2689 4354 2768 4419 iu
