2875 5000
580 1600 761 1684 Αιι
829 1599 1292 1684 nomm
1355 1531 1883 1732 Ρι-ιιιιιιιιι.

1037 1860 1415 1876 ..ιν-Ἷ-ο--ο--ι

301 2184 496 2272 Peg.
544 2182 590 2249 6
644 2182 695 2248 l.
744 2180 850 2248 16.
917 2177 1255 2271 -Gre'gorii
1295 2169 1632 2262 Corinthii
1684 2177 1992 2268 libellum
2049 2180 2131 2249 de
2173 2180 2337 2276 Sap·

125 2286 377 2378 phonis
419 2286 739 2364 dialecto,
817 2308 1016 2376 quem
1060 2284 1527 2354 Petzholdtius
1569 2294 1722 2374 post
1760 2284 2133 2376 Aphthonii
2173 2287 2336 2353 Pro·

129 2398 586 2480 gymnasmata
628 2411 689 2454 a.
741 2387 910 2455 1839
967 2384 1219 2472 edim,
1295 2386 1405 2451 his
1448 2385 1839 2452 novissimis
1878 2388 2071 2454 annis
2113 2387 2338 2479 inepta

125 2491 367 2559 fraude
428 2489 653 2558 fictum
716 2513 868 2557 esse
935 2488 1525 2558 demonstravimus
1587 2488 1663 2556 in
1714 2485 1952 2558 Museo
2011 2488 2341 2560 Rhenano

125 2594 323 2663 Novo
364 2594 525 2661 Vol.
558 2594 591 2658 Ι
631 2614 704 2684 p.
730 2590 883 2659 274.

302 2696 411 2762 Pa
431 2721 500 2786 g.
547 2697 614 2762 7.
726 2693 1087 2761 Decretum
1132 2692 1571 2763 Cumaeorum
1613 2695 1687 2761 in
1732 2693 2053 2784 Corporis
2093 2694 2340 2763 Inscri-

123 2798 434 2891 ptiouum
476 2796 801 2864 fasciculo
841 2795 1037 2863 tertio
1077 2796 1454 2863 etiamnunc
1496 2795 1867 2864 desiderato
1921 2796 2184 2888 legetur
2232 2823 2338 2864 nr.

128 2899 348 2984 3524,
413 2899 651 2967 titulus
695 2899 1193 2990 Lampsacenus
1235 2897 1489 2966 ibidem
1531 2923 1639 2965 nr.
1685 2897 1895 2984 3640,
1965 2900 2124 2967 item
2170 2899 2342 2969 alius

125 3003 371 3070 titulus
415 3000 749 3068 Cumaeus
793 3026 898 3068 nr.
937 2998 1132 3069 3523.
1222 3000 1511 3069 Duobus
1550 3000 1792 3068 abhinc
1835 3000 2030 3068 annis
2071 3001 2344 3070 Franzii

127 3103 348 3172 nostri
390 3103 716 3172 beneficio
746 3103 1052 3195 plagulas
1096 3113 1236 3169 tum
1275 3098 1633 3194 impressas
1668 3102 1975 3171 Berolini
2013 3102 2345 3196 inspicere

126 3205 334 3273 nobis
395 3205 696 3295 contigit.
814 3205 1165 3275 Praeterea
1224 3206 1509 3299 accessit
1560 3205 1796 3272 titulus
1852 3206 2141 3274 Lesbius
2182 3206 2346 3275 Deli

124 3309 392 3402 positus
434 3308 508 3374 in
536 3307 942 3393 Expedition
975 3309 1395 3394 Scientifique
1437 3308 1519 3375 de
1548 3312 1773 3376 Μονέε
1807 3306 1969 3378 Vol.
1997 3308 2100 3376 111
2140 3311 2238 3401 pl.
2261 3311 2347 3380 12

127 3422 205 3481 et
230 3410 508 3478 Lehasii
533 3413 967 3494 Inscriptions
999 3410 1328 3497 Grecques
1358 3416 1426 3478 et
1447 3414 1721 3479 Latines
1759 3410 2031 3478 Fasc.V
2056 3435 2164 3480 nr.
2190 3409 2345 3495 191,

127 3536 331 3605 quem
390 3522 541 3579 ante
600 3536 664 3578 a.
714 3511 841 3579 167
898 3535 961 3579 a.
1009 3511 1170 3579 Chr.
1232 3511 1524 3581 incisum
1580 3537 1733 3585 esse
1787 3512 2002 3582 editor
2054 3512 2345 3580 Franco-

125 3615 356 3705 gallus
415 3638 497 3681 ex
551 3613 869 3682 Antissae
927 3614 1343 3706 potissimum
1407 3610 1677 3683 nomin'e
1740 3614 2015 3705 'collegit
2032 3659 2055 3698 ‚
2137 3636 2345 3703 quum

127 3716 453 3808 oppidum
493 3715 669 3783 illud
727 3740 807 3785 eo
860 3741 1039 3785 anno
1079 3741 1118 3783 a
1165 3718 1486 3785 Romanis
1529 3716 1817 3784 dirutum
1861 3715 1950 3780 sit
1989 3713 2189 3783 Livio
2231 3738 2347 3782 au-

130 3830 319 3887 ctore
359 3819 447 3886 L.
490 3817 694 3885 XLV
748 3841 809 3886 c.
860 3818 968 3885 31.
1070 3816 1310 3909 Neque
1352 3818 1525 3885 male
1560 3816 1649 3887 ad
1691 3815 1961 3884 tertium
2006 3817 2347 3887 saeculum

126 3923 372 3992 referri
432 3922 693 3991 videtur
712 3967 736 4005 ‚
803 3942 1177 4012 quanquam
1236 3918 1522 3986 Antissa
1587 3917 1857 4010 quidem
1919 3943 1960 3988 a
2018 3919 2348 3990 Strabone

128 4027 220 4095 L.
268 4024 443 4093 XIII
499 4048 568 4116 p.
613 4022 745 4091 919
799 4029 875 4087 ut
933 4031 1268 4114 superstes
1323 4030 1892 4090 commemoratur.
1995 4020 2220 4109 Quum
2261 4023 2345 4090 ti-

132 4128 362 4214 tulus,
432 4147 805 4219 quanquam
860 4124 1136 4192 mutilus
1192 4135 1262 4190 ct
1318 4134 1712 4216 corruptus,
1777 4135 1999 4194 tamen
2052 4123 2357 4213 alicujus·

130 4229 336 4320 pretii
399 4229 491 4296 sit
555 4226 844 4296 necdum
908 4248 946 4291 a
1011 4225 1303 4295 chasio
1378 4226 1539 4295 satis
1607 4225 1954 4296 restitutus
2016 4226 2344 4316 videatur,

133 4330 649 4401 emendatiorem
665 4378 688 4417 ‚
763 4339 1078 4421 quantum
1117 4328 1452 4398 valuimus
1465 4377 1489 4415 ‚
1558 4353 1888 4422 apponere
1930 4331 2169 4422 placet.
