2875 5000
737 458 853 533 Ad
897 456 1223 532 Librum
1267 457 1631 530 Primum.
2128 450 2281 530 527

50 667 123 733 in
175 668 363 741 εσῖος
405 673 649 730 exeunt
673 710 694 747 ‚
767 659 1186 746 'Ancysvsli’oc
1226 671 1294 728 et
1335 660 1839 744 Αὖτομειδείὶὃς,
1918 687 2087 754 quae
2129 687 2283 731 vcra

50 792 220 834 esse
273 789 482 855 tegre
526 765 688 832 mihi
745 765 1147 857 persuadeo,
1231 763 1615 854 praesertim
1657 788 1858 855 quum
1901 766 2284 833 Ulrichsius

50 871 277 938 etiam
344 870 418 934 in
461 868 1027 952 Γάστυμειδόπιος
1088 866 1275 957 prius
1328 866 1462 951 iota
1521 890 1656 933 non
1700 880 1877 932 recte
1920 868 2285 936 inseruisse

51 972 417 1038 videatur.
560 969 789 1037 Minus
854 994 1049 1061 aegre
1114 970 1352 1035 ferrem
1414 973 1816 1044 Νικοκλείὶὸς
1881 981 1946 1035 et
2013 970 2281 1037 similia.

56 1075 404 1142 Ceterum
433 1074 705 1140 observa
724 1120 747 1154 ‚
790 1072 862 1137 in
905 1072 1093 1139 nullo
1122 1095 1347 1138 corum
1388 1071 1728 1137 titulorum
1765 1072 2286 1139 terminationem

59 1202 202 1251 ειος
248 1176 338 1241 in
383 1201 484 1252 ιος
524 1174 782 1242 mutari.
869 1174 1105 1265 Neque
1148 1175 1221 1240 in
1264 1173 1678 1240 Lebadeensi
1725 1173 1803 1240 C.
1850 1175 1908 1240 Ι.
1968 1199 2071 1240 nr.
2122 1176 2281 1242 1571

58 1289 260 1346 recte
316 1278 523 1344 semel
574 1274 996 1363 Φολοκράτιος
1035 1276 1324 1365 legitur,
1369 1300 1570 1364 quum
1615 1277 1906 1342 Leakius
1949 1277 2016 1342 ΙΙ
2062 1302 2163 1344 nr.
2204 1279 2290 1346 32

64 1381 345 1471 ubique
389 1379 843 1465 Φιλοκράτειος
881 1378 1207 1444 exhibeat.
1253 1420 1338 1430 —-
1424 1382 1782 1462 Κρονιδῆε,
1831 1379 2009 1469 quod
2055 1378 2289 1447 Corin-

65 1507 201 1550 nae
247 1482 711 1564 restituimus,
773 1479 1055 1547 Censori
1093 1479 1386 1546 Darmst.
1434 1480 1623 1547 valde
1669 1480 1943 1548 dubium
1985 1482 2290 1570 videtur3

67 1586 342 1676 quibus
389 1585 471 1650 de
512 1583 773 1668 causis,
835 1584 1197 1650 nescimus.

266 1686 580 1754 Ceterum
623 1686 802 1776 quod
845 1685 1128 1751 diximus
1171 1684 1618 1776 patronymica
1652 1684 1966 1764 Boeotica
2008 1711 2142 1753 non
2187 1714 2294 1757 re-

70 1802 189 1857 cte
241 1790 334 1855 ad
379 1788 694 1877 adjectiva
738 1786 1001 1866 κτητικᾶ
1045 1790 1117 1854 ἰ11
1162 1812 1291 1863 ειυς
1333 1787 1638 1854 exeuntia
1681 1789 1914 1855 referri
1940 1837 1976 1873 ‚.
2005 1788 2294 1858 Thessa·
2385 1805 2396 1823 ¹

72 1892 251 1959 licis
297 1892 765 1981 patronymicis
786 1939 807 1975 ‚
896 1890 1111 1980 qualia
1160 1900 1316 1956 sunt
1355 1889 1757 1974 Ἀντιγόνειος
1810 1901 1877 1958 et
1916 1892 2297 1969 Νικούνειος

75 1994 132 2059 i.
184 2017 252 2060 e.
301 1993 698 2072 Νικώνειος,
756 1993 895 2061 vid.
943 1994 1153 2079 infra,
1208 1992 1428 2059 refelli
1471 1992 1789 2074 videtur„
1843 1991 2293 2061 Nihilominus

83 2097 515 2187 aliquatenus
570 2097 643 2162 in
694 2096 1018 2162 sententia
1063 2095 1551 2187 persistendum
1596 2106 1733 2175 est,
1821 2096 2101 2163 maxime
2142 2121 2296 2188 pro-

83 2213 237 2290 pter
281 2203 607 2277 Καλλιῆος
648 2210 714 2264 et
758 2198 1040 2284 similia,
1087 2222 1256 2288 quac
1300 2222 1434 2265 non
1479 2221 1515 2263 e
1546 2185 1910 2278 Καλλίειος,
1959 2210 2032 2265 nt
2070 2200 2296 2267 volue-

86 2314 188 2370 rat
227 2301 614 2369 Bocckhius
641 2349 662 2387 ‚
712 2302 829 2368 scd
873 2326 909 2367 e
951 2303 1292 2376 Καλλιαῒος
1333 2313 1458 2367 etc.
1508 2312 1648 2366 orta
1691 2325 1840 2368 esse
1881 2326 2059 2370 nunc
2100 2304 2298 2370 etiam

87 2404 508 2473 luculentius
549 2404 1087 2471 Thessalicorum
1144 2402 1596 2494 exemplorum
1652 2406 2136 2494 comparatione
2187 2431 2298 2499 ap·

90 2522 302 2599 paret.
421 2507 565 2573 Nec
609 2507 805 2574 facile
846 2507 1009 2597 poni
1049 2518 1267 2596 potest
1308 2529 1345 2572 e
1386 2505 1759 2582 Καλλιάειος
1799 2507 2084 2598 primum
2128 2510 2302 2576 Boc-

91 2616 267 2679 otica
330 2610 693 2678 mutatione
749 2609 1134 2687 Kauco'ci'oc,
1225 2608 1464 2676 deinde
1519 2612 1902 2688 Καλλιαῒος,
1982 2616 2302 2690 Καλλιῆος

94 2716 266 2783 facta
340 2724 531 2798 essbg,
621 2737 771 2779 nam
835 2723 902 2778 et
963 2711 1325 2794 Thessali,
1411 2734 1691 2801 quorum
1762 2714 2107 2788 Καλλιαῒος
2171 2724 2300 2797 est,

96 2820 376 2884 omuino
420 2814 814 2906 diphthongi
875 2839 929 2880 ει
969 2813 1391 2880 mutationem
1443 2814 1752 2903 ignorant
1807 2826 1874 2880 et
1916 2816 2143 2881 eadem
2185 2839 2302 2882 eae

95 2919 282 3009 ipsae
329 2917 801 3006 inscriptiones
843 2916 1231 3000 Boeoticac‚
1289 2919 1361 2981 in
1392 2916 1639 3007 quibus
1679 2918 2128 3007 patronymica
2170 2918 2306 2984 sre-

99 3032 504 3111 quentantur
529 3070 550 3098 ‚
632 3019 966 3086 abstinere
1009 3020 1246 3086 solent.
1384 3018 1649 3084 Deinde
1692 3021 1916 3087 cadem
1961 3021 2305 3088 Boeotico-

99 3148 246 3191 rum
292 3124 640 3189 titulorum
681 3121 850 3187 ratio
894 3123 1107 3188 ohstat
1131 3168 1153 3205 ‚
1230 3116 1587 3212 quominus
1629 3121 2058 3210 Ἀντιμάχιος,
2135 3131 2306 3208 Opa-

108 3226 340 3300 oaivoog·
383 3237 447 3291 et
493 3224 735 3290 similia
777 3247 861 3289 ex
902 3222 1323 3308 Ἀντιμάχειος
1343 3274 1366 3303 ,
1453 3224 1895 3309 Θρασώνειος,
1969 3250 2137 3317 quac
2179 3239 2308 3293 ter·

105 3328 381 3395 minutio
423 3327 894 3394 Thessalorum
938 3337 1040 3392 est
1063 3371 1084 3409 ‚
1154 3327 1324 3392 facta
1367 3337 1697 3417 putemus.
1811 3329 2044 3419 Itaque
2083 3332 2308 3421 paullo

108 3432 523 3508 accuratius,
614 3454 807 3521 quam
867 3430 1190 3514 fecimus,
1272 3453 1414 3495 rem
1477 3430 1565 3496 ita
1624 3432 2099 3522 expediendam
2159 3455 2309 3497 esse

108 3556 477 3600 censemus.
568 3532 921 3620 Adjectiva
961 3533 1339 3623 possessiva
1378 3533 1486 3599 vel
1528 3535 1976 3623 patronymica
2019 3556 2056 3598 a
2099 3531 2309 3597 nomi·

110 3637 310 3700 nibus
372 3636 661 3723 propriis
706 3636 995 3702 derivata
1050 3635 1383 3726 insignem
1431 3635 1504 3700 in
1549 3636 1814 3701 modum
1873 3635 2046 3700 inter
2086 3635 2310 3700 termi-

113 3737 413 3802 nationes
479 3760 643 3814 ειυς,
718 3762 858 3821 sog,
931 3763 1028 3812 ιος
1098 3737 1403 3826 ambigua
1470 3745 1626 3801 sunt
1676 3733 1811 3800 vid.
1873 3734 2167 3800 Loheck.
2226 3738 2311 3803 ad

113 3839 310 3925 Ajac.
358 3860 419 3903 v.
471 3836 640 3919 108,
713 3837 800 3902 ita
846 3848 1063 3903 tamen
1091 3888 1109 3914 ,
1190 3849 1264 3902 ut
1307 3837 1619 3931 vulgaris
1649 3835 1990 3901 Graecitas
2032 3838 2311 3927 primam

117 3941 396 4006 maxime
438 3938 836 4029 probaverit.
933 3937 1147 4005 Nobis
1192 3936 1648 4028 antiquissima
1694 3960 1777 4003 ex
1817 3937 1956 4004 illis
2000 3940 2312 4007 termina-

120 4044 213 4108 tio
269 4069 365 4118 ιος
423 4065 570 4108 esse
610 4039 907 4123 videtur,
997 4065 1276 4133 quacum
1318 4062 1657 4130 compares
1710 4043 2309 4130 patronymicorum

123 4143 598 4211 Sanscritorum
641 4142 1163 4210 terminationem
1210 4149 1332 4227 Jas
1384 4155 1459 4208 ut
1501 4145 1871 4226 Dhaumjas
1925 4143 1974 4208 i.
2021 4167 2080 4209 e.
2129 4144 2311 4213 filius

125 4242 421 4314 Dhumae
476 4258 542 4313 et
599 4246 987 4312 Latinorum
1046 4251 1152 4313 ius
1209 4258 1283 4312 ut
1336 4248 1593 4324 Julius,
1671 4246 1719 4311 i.
1768 4270 1829 4311 e.
1875 4246 1992 4337 qui
2053 4270 2089 4311 a
2147 4244 2308 4315 Julo

127 4345 478 4416 descendit.
613 4350 776 4416 Eam
822 4349 1029 4439 igitur
1069 4349 1307 4417 Boeoti
1349 4359 1764 4417 servaverant
1784 4393 1808 4432 ‚
1880 4370 1952 4415 ea
1997 4348 2192 4414 etiam
2237 4349 2307 4415 in
