2875 5000
642 468 796 552 548
1247 462 1593 542 Addenda
1637 476 1711 536 et
1760 458 2234 561 Corrigenda.

646 675 1008 743 Thessalos
1050 673 1301 742 Aeoles
1341 694 1378 736 a
1415 667 1802 738 nominibus
1844 666 2130 759 'propriis
2169 665 2430 757 primae
2470 664 2837 733 deelindio·

646 778 754 844 nis
807 778 1128 865 adjectiva
1192 775 1261 840 in
1308 797 1451 847 αιος
1494 770 1829 836 derivasse
1855 820 1877 846 ‚
1948 769 2235 835 Boeotos
2276 769 2550 835 Aeoles
2596 770 2837 835 eande-

646 880 1163 949 terminationem
1222 887 1505 943 mutasse
1567 875 1637 939 in
1697 898 1813 951 ηος
1871 869 2078 961 (quod
2133 894 2270 936 non
2331 881 2572 960 potest
2614 895 2694 935 ex
2736 895 2840 948 ειυς

647 994 866 1049 natum
909 981 1206 1073 putari);
1290 981 1495 1069 quare'
1553 996 1686 1042 non
1742 986 2113 1064 poteramus
2157 973 2321 1064 quin
2369 973 2451 1038 in
2497 973 2840 1041 Lesbiacae

649 1085 911 1150 dialecti
954 1084 1240 1149 carmine
1282 1080 1604 1146 librorum
1645 1076 2001 1143 lectionem
2028 1076 2319 1152 Νικιάας
2362 1075 2413 1139 i.
2456 1099 2522 1140 e.
2552 1078 2838 1151 Νικιαίας

646 1209 860 1253 veram
908 1184 1387 1269 judicaremus.
1492 1179 1632 1245 Vix
1689 1179 1865 1245 enim
1919 1181 2045 1244 hoc
2091 1180 2464 1270 quisquam
2523 1178 2835 1243 arbitrabi-

644 1300 788 1370 tur,
846 1284 1365 1376 patronymicum
1410 1284 1721 1356 Νικιαῒος
1764 1282 1996 1347 Boeot.
2029 1285 2314 1357 Νικιῆος
2360 1302 2465 1345 sc.
2525 1278 2662 1355 υἱός
2697 1279 2821 1347 alins

644 1389 834 1477 leges
908 1387 1102 1478 sequi
1177 1398 1372 1475 atque
1439 1388 1717 1451 Νικιαία
1797 1384 2046 1469 ἄλοχος.
2189 1383 2564 1450 Postremo
2642 1384 2818 1448 confer

644 1487 1015 1564 Meko'maog
1055 1489 1131 1554 in
1179 1488 1372 1555 titulo
1413 1487 1619 1554 Delio
1664 1486 1828 1566 (vid.
1874 1509 2073 1575 supra
2116 1486 2199 1552 ad
2241 1510 2310 1575 p.
2351 1486 2427 1564 7)
2448 1530 2477 1568 ,
2536 1486 2702 1574 quod
2730 1507 2821 1574 pa·

642 1588 1082 1681 trouymicum
1126 1613 1271 1657 esse
1315 1589 1573 1656 videtur
1613 1613 1651 1655 a
1693 1587 2049 1663 Μελάντας.

809 1693 934 1760 Vs.
985 1694 1088 1760 16.
1176 1692 1413 1782 Neque
1459 1687 1649 1756 εὗσαν
1664 1740 1688 1769 ,
1732 1690 1911 1782 quod
1950 1713 2129 1755 nunc
2170 1689 2575 1778 expulimus
2616 1689 2812 1781 Sappl.

640 1795 769 1879 27,
830 1817 1046 1886 neque
1088 1793 1282 1880 ἔσσᾳν
1306 1841 1328 1880 ,
1382 1794 1560 1883 quod
1603 1804 1703 1862 est
1743 1793 1815 1858 in
1859 1793 2005 1858 cod.
2053 1794 2140 1876 4,
2197 1792 2488 1881 probari
2533 1818 2717 1884 posse
2747 1793 2817 1857 vi·

643 1899 878 1984 detur3
943 1898 1062 1965 sed
1103 1924 1142 1965 e
1184 1896 1434 1964 codicis
1481 1895 1536 1962 C
1581 1896 1869 1963 lectione
1912 1896 2140 1960 ἐοῦσαν
2181 1895 2489 1981 genuina
2532 1896 2849 1982 Lesbiam*

642 2001 854 2068 forma
895 1999 1109 2066 ἔωσαν
1151 1998 1555 2065 restituenda
1599 2021 1746 2064 esse
1790 1997 2069 2065 videtur.
2848 2009 2849 2028 ²

814 2102 930 2169 Id.
975 2101 1240 2166 XXIX.
1302 2125 1401 2167 vs.
1449 2103 1515 2166 4.
1565 2100 1670 2167 16.
1761 2099 2063 2166 Poenitet
2120 2096 2446 2176 ἕθέλησθ’
2511 2110 2576 2164 et
2623 2096 2815 2182 μάτης,

644 2225 810 2294 qnae
865 2201 1117 2267 nullius
1175 2202 1442 2269 dialecti
1506 2214 1662 2270 sunt
1689 2251 1712 2288 ‚
1798 2225 1932 2267 non
1991 2202 2061 2267 iu
2118 2202 2472 2266 &Bizana-&a
2535 2212 2603 2266 et
2653 2201 2816 2284 ματεῖς

640 2306 750 2371 vel
790 2302 1003 2387 μάτεις
1044 2312 1355 2371 mutasse.
1479 2305 1559 2374 Id
1603 2318 1818 2371 tamen
1863 2302 2118 2392 egimus
2143 2348 2163 2387 ,
2237 2312 2309 2366 ut
2355 2303 2548 2368 nihil
2595 2303 2727 2370 sine
2759 2301 2813 2367 li-

642 2406 783 2474 bris
841 2415 1236 2474 mutaremus
1257 2452 1282 2490 ‚
1368 2408 1550 2496 quod
1604 2406 2008 2474 Theocritus
2073 2406 2217 2495 ipse
2280 2405 2575 2472 dialecti
2641 2426 2813 2471 errore

641 2511 813 2578 male
860 2509 1147 2577 scribere
1188 2509 1488 2599 potuisse
1529 2510 1882 2577 videretur.
1998 2508 2342 2575 Ameisius
2392 2513 2479 2575 Z.
2531 2513 2591 2594 f.
2636 2515 2700 2575 Α.
2740 2511 2813 2573 W.

643 2613 809 2681 1841
869 2637 937 2702 p.
983 2611 1113 2680 270
1153 2634 1345 2702 seqq.
1371 2658 1393 2694 ,
1469 2611 1589 2700 qui
1645 2623 1744 2679 tot
1800 2636 1937 2679 non
1978 2611 2255 2679 Aeolica
2297 2611 2376 2676 iu
2424 2609 2815 2678 Theocriteis

642 2715 871 2785 relicta
943 2737 1092 2781 esse
1161 2714 1465 2805 miratus·
1499 2725 1599 2781 est
1622 2760 1645 2799 ‚
1732 2715 2108 2805 neglexisse
2149 2713 2415 2782 videtur
2433 2759 2459 2798 ,
2551 2736 2716 2806 quae
2759 2711 2815 2777 in

640 2818 1045 2906 praefatione
1088 2817 1169 2884 de
1211 2819 1332 2884 hac
1373 2841 1448 2885 re
1491 2840 1976 2885 monueramus.

1512 3059 1956 3129 CORINNA.

811 3225 941 3291 Fr.
988 3227 1096 3293 11.
1202 3225 1619 3316 corrigimus
1675 3225 1835 3292 καλοὶ
1888 3225 2075 3311 γερή’
2119 3225 2425 3311 &wopaina
2478 3227 2529 3294 i.
2582 3250 2645 3295 e.
2687 3222 2817 3292 καλαὶ

640 3323 863 3408 γεραιὰ
906 3326 1233 3409 ἀεισομένα
1253 3376 1276 3413 ,
1342 3335 1623 3415 antiqua
1665 3330 1903 3396 decora
1944 3338 2243 3396 cantura.

1288 3570 1657 3639 FOEDUS
1709 3572 2191 3642 ELEORUM.

810 3735 1001 3803 Nihil
1044 3758 1270 3802 corum
1293 3785 1315 3814 ,
1385 3734 1631 3825 quibus
1673 3763 1711 3806 a
1751 3741 2085 3807 Boeckhio
2130 3739 2568 3807 discessimus
2600 3786 2627 3824 ,
2703 3761 2817 3831 pro·

641 3837 823 3903 bavit
864 3837 1187 3904 Frauzius
1227 3836 1443 3908 Elem.
1492 3837 1730 3930 Epigr.
1777 3843 1895 3909 Gr.
1943 3868 2009 3933 p.
2043 3842 2190 3909 380.
2296 3842 2389 3908 Ut
2428 3844 2815 3925 omittamus,

642 3964 810 4031 quae
854 3938 999 4031 ipse
1040 3940 1285 4040 leviora
1316 3940 1648 4027 judicavit
1669 3989 1690 4026 ,
1752 3946 2033 4033 primum
2077 3966 2222 4009 cum
2261 3942 2617 4011 Boeckhio
2665 3940 2819 4037 spiri·

640 4051 782 4107 tum
838 4065 1143 4135 asperum
1211 4043 1535 4132 supprimi
1598 4044 1846 4131 jubct3
1934 4069 2083 4113 nam
2144 4071 2182 4111 e
2246 4047 2433 4134 galea
2487 4046 2813 4121 Hieronis,

640 4143 758 4209 nbi
798 4145 1116 4211 articulus
1162 4143 1397 4231 spiritu
1439 4157 1616 4211 caret
1637 4194 1658 4230 ‚
1736 4147 1907 4213 nihil
1949 4147 2256 4214 concludi
2296 4170 2495 4236 posse
2535 4161 2817 4241 propter

639 4268 716 4311 ea
739 4291 761 4327 ,
804 4247 1003 4337 ,qnod
1058 4246 1258 4336 louge
1316 4246 1445 4312 alia
1499 4273 1609 4315 res
1654 4249 1742 4314 sit
1797 4251 1868 4314 in
1912 4250 2193 4317 voculis.
2326 4250 2615 4317 Placent
2663 4274 2813 4331 sane,

637 4371 807 4435 quae
847 4349 936 4415 V.
983 4350 1073 4415 D.
1133 4373 1199 4438 p.
1246 4344 1334 4415 98
1389 4348 1750 4439 disputavit
1803 4352 1883 4419 de
1926 4352 2144 4442 asperi
2203 4350 2395 4443 signo
2450 4352 2525 4419 iu
2572 4353 2815 4422 vocali·
