2875 5000
546 427 607 518 ᾗ.
667 430 788 505 20.
895 431 1008 503 De
1057 460 1100 516 η
1155 454 1284 525 pro
1334 460 1392 501 ει
1439 442 1512 500 et
1568 459 1618 498 ω
1662 428 1802 523 'pro
1854 457 1955 500 ου.
2201 425 2333 499 171

153 630 307 699 Gd.
349 630 588 720 Syrte.
616 677 637 711 ‚
679 630 1025 715 πρόβουλοι
1057 633 1347 699 Acheru.
1378 631 1533 713 721,
1580 630 1971 712 συμβουλεύω
2014 630 2251 721 Sophr.
2276 587 2346 700 39

163 736 381 808 domoc
422 757 582 842 eum
624 733 930 800 derivatis
977 734 1060 829 iu·
1090 734 1332 824 Delph.
1380 734 1585 799 Phoe.
1630 733 1851 798 Aetol.

330 865 459 929 Ad
507 889 619 928 nr.
668 865 748 930 72
817 864 920 928 De
963 865 1164 937 κεῖνος
1205 862 1274 928 ἱιι
1301 858 2008 928 mitiore'Doride'vid.
2040 861 2104 943 ξ.
2131 861 2241 941 33,
2264 863 2347 943 3·

173 993 421 1052 κωρια
468 967 638 1030 male
681 991 718 1031 a
750 964 1095 1031 Diudorflo
1140 986 1222 1029 ex
1258 963 1562 1049 Elmsleji
1609 964 1978 1049 conjectura
2022 972 2349 1051 receptum

169 1080 267 1136 est
307 1068 606 1132 Aeli-aru
654 1067 824 1150 697,
886 1065 1002 1131 ubi
1058 1065 1274 1155 potius
1315 1065 1500 1152 legas
1543 1064 1728 1146 aedom
1772 1063 1966 1128 κᾶθλί
1944 1090 2039 1129 ιου
2079 1063 2351 1146 πατρόςς,

168 1172 537 1251 Δωρικλεός
578 1154 909 1235 lss.1835
940 1192 976 1233 a
1009 1165 1343 1233 Boeckhio
1387 1168 1455 1230 iu
1487 1167 1834 1248 Λορικλεος
1875 1176 2205 1231 mutatum
2227 1177 2349 1246 est,

167 1296 286 1339 nec
350 1268 567 1360 magis
635 1272 1018 1355 Λωρίμαχος
1080 1267 1340 1334 tolerari
1405 1266 1680 1333 debebat
1741 1268 1811 1332 in
1875 1267 2080 1334 Ther.
2140 1269 2351 1351 2458,

172 1373 537 1458 Οὐρανία
598 1372 825 1453 estin
897 1372 1086 1437 titulo
1147 1369 1508 1460 Segestano
1562 1368 1649 1434 R.
1706 1368 1793 1433 R.
1859 1410 1943 1421 -—
2028 1369 2353 1435 Addimus

164 1477 342 1568 quod
387 1498 509 1564 pro
556 1471 962 1556 ἀρωραῖοι
1002 1472 1291 1538 Acharn.
1337 1472 1466 1538 728
1521 1494 1556 1536 e
1600 1469 1974 1537 Ravennate
2020 1471 2355 1556 ἆρουραΐοι

163 1575 644 1646 restituendum
689 1585 792 1641 est

335 1704 449 1778 13)
538 1701 682 1768 Jam
731 1699 886 1766 satis
931 1699 1404 1766 demonstrasse
1450 1696 1642 1763 nobis
1684 1698 1984 1764 videmur
2024 1722 2144 1782 ea,
2189 1721 2355 1789 quae
2423 1728 2429 1733 ·

135 1805 675 1900 ‚proposuimuffi
743 1801 1031 1866 severius
1096 1800 1305 1866 solum
1354 1799 1631 1866 Doridis
1692 1824 1904 1889 genus
1949 1829 1987 1878 η
2031 1810 2097 1865 et
2140 1827 2188 1863 ω
2233 1825 2354 1893 pro

171 1907 558 2000 vulgaribus
622 1929 676 1969 ει
735 1912 798 1968 et
851 1928 922 1967 ου
980 1901 1217 1967 habere
1283 1902 1542 1991 (paucis
1597 1901 1985 1989 quibusdam
2044 1903 2355 1991 exeeptis,
2418 1920 2427 1928 ·

166 2034 335 2102 quae
383 2007 613 2074 adeo
592 2031 663 2071 ιιι
707 2003 953 2071 ladem
996 2008 1329 2101 tuentur),
1397 2027 1610 2094 neque
1667 2003 1844 2068 illam
1891 2001 2174 2090 ubique,
2240 2003 2358 2068 sed

169 2114 462 2204 (praeter
504 2132 618 2185 ea,
686 2130 850 2195 quae
895 2105 1332 2171 contrahendo
1374 2117 1519 2171 nata
1563 2118 1715 2170 sunt
1757 2114 1821 2170 et
1861 2117 2115 2194 praeter
2154 2129 2357 2196 pauca

169 2213 537 2333 quaedam,
610 2233 885 2300 quorum
942 2207 1129 2299 origo
1188 2217 1253 2272 et
1308 2207 1762 2296 antiquissima
1822 2207 2023 2272 forma
2083 2207 2366 2274 obseura·

169 2319 302 2398 est)
346 2315 422 2380 in
468 2312 554 2377 iis
599 2310 1046 2394 solummodo,
1091 2332 1255 2398 quae
1303 2306 1744 2398 diphthongos
1785 2333 1839 2372 ει
1881 2320 1947 2373 et
1990 2336 2062 2374 ov
2096 2319 2362 2401 propter

168 2439 533 2486 consonam
579 2413 846 2500 ejectam
891 2436 973 2478 ex
1004 2435 1032 2475 ε
1066 2420 1134 2475 et
1165 2434 1204 2475 o
1249 2409 1675 2502 productione
1704 2411 2112 2498 ,suppletoria
2156 2413 2359 2477 factas

166 2522 441 2588 habeut.
556 2513 784 2582 Sicubi
846 2513 1234 2603 diphthongi
1294 2513 1463 2579 alius
1507 2510 1782 2600 originis
1825 2522 2014 2594 sunt,
2077 2538 2114 2578 a
2156 2515 2360 2579 nullis

169 2619 603 2690 Doriensium
647 2626 1016 2699 mutantur,
1065 2626 1138 2680 ut
1177 2617 1414 2692 πείθω,
1464 2602 1646 2678 λεῖπω
1688 2636 1725 2677 e
1771 2613 2103 2679 radicibus
2131 2625 2251 2678 πιθ
2296 2626 2361 2680 et

174 2733 316 2803 λιιι,
360 2720 789 2802 Ἠρακλείὸας
830 2742 911 2783 ex
948 2703 1403 2804 ’ῙΙρακλεῖδαὲ,
1437 2714 1651 2790 ,οὗτος
1667 2765 1697 2792 ,.
1737 2713 1808 2780 οὗ
1852 2726 1975 2781 etc.
2063 2716 2357 2810 Dignum

175 2837 392 2892 autem
437 2832 576 2904 est,
640 2843 772 2909 quo
817 2818 1099 2884 animum
1137 2819 1473 2898 advertas,
1551 2816 1727 2906 quod
1770 2817 1836 2881 iu
1886 2818 2205 2884 severiore
2247 2817 2362 2884 illa

178 2925 432 2992 Doride
489 2947 607 3012 per
659 2920 1153 3010 productionem
1211 2919 1948 3011 suppletoriam.breves
1994 2920 2245 3002 vocales
2290 2920 2359 2985 iu

99 3027 104 3040 ’
177 3030 349 3094 hune
394 3025 656 3092 modum
705 3023 1162 3088 immutanturz

571 3154 612 3215 ἅ
696 3175 725 3215 ε
806 3153 837 3211 ἵ
922 3176 955 3217 ο
1042 3152 1078 3214 ὕ

429 3254 506 3320 in
567 3255 607 3317 ἆ
683 3281 721 3332 η
803 3254 834 3313 ἶ
908 3278 957 3316 ω
1033 3253 1094 3317 ὗ.

339 3382 559 3450 Vides
584 3427 606 3465 ,
671 3403 865 3471 quam
926 3382 1086 3446 haee
1145 3378 1313 3445 ratio
1369 3377 1580 3467 magis
1636 3378 1764 3446 sihi
1808 3392 2105 3464 constet,
2169 3404 2362 3472 quam

174 3487 394 3554 Attica
438 3496 506 3552 et
545 3481 768 3550 Ionica
810 3481 1002 3548 etiam
1045 3481 1289 3547 mitiori
1328 3479 1567 3546 Doridi
1608 3482 1906 3572 propria,
1977 3508 2106 3574 qua
2150 3479 2187 3548 ε’
2218 3497 2285 3550 et
2327 3511 2360 3550 ο

179 3592 561 3677 plerumque
605 3584 674 3649 in
721 3608 776 3648 ει
802 3594 884 3650 ,et
927 3607 1000 3648 ov
1040 3584 1526 3673 producuntur,
1572 3607 1718 3652 uam
1764 3608 1876 3651 eae
1924 3608 2183 3675 quoque
2227 3586 2361 3650 dia-

177 3690 329 3756 leeti
391 3685 722 3753 interdum
786 3712 824 3762 η
889 3696 954 3750 et
1012 3710 1061 3748 ω
1119 3685 1603 3774 praetulerunt,
1661 3699 1733 3750 ut
1774 3685 1977 3767 πατήρ
2023 3697 2088 3752 et
2134 3688 2363 3769 δαίμων

179 3814 295 3879 pro
337 3813 570 3870 πατερς
614 3797 681 3853 et
724 3788 974 3881 δαιμᾳνς
1016 3786 1228 3875 posita
1274 3796 1448 3850 suut.
1559 3784 1950 3875 Quanquam
1994 3798 2219 3854 neutra
2261 3811 2359 3854 ra-

181 3891 271 3957 tio
329 3886 785 3978 antiquissima
841 3898 976 3967 est,
1049 3887 1354 3977 quoniam
1409 3885 1569 3951 olim
1612 3908 1896 3952 consona
1942 3886 2087 3975 ipsa
2126 3888 2361 3953 retine-

181 3990 407 4075 batur,
455 4002 529 4057 ut
568 4015 650 4054 ex
696 3990 930 4073 ἄγουσα
971 4000 1035 4054 et
1079 3989 1291 4070 ἅγωσα
1337 3997 1401 4053 et
1445 3986 1681 4070 ἄγουσα
1723 3998 1866 4052 nata
1913 3987 2104 4072 suut,
2148 4001 2360 4054 tamen

183 4092 363 4160 illam
403 4095 750 4180 longarum
789 4089 1108 4156 vocalium
1145 4100 1463 4155 amantem
1496 4089 1718 4179 aliquo
1750 4088 1901 4175 jure
1929 4090 2357 4179 antiquiorem

187 4182 557 4283 praedicare
597 4193 779 4276 licet,
822 4214 955 4256 uon
1000 4214 1079 4256 eo
1121 4201 1333 4258 tamen
1377 4214 1615 4274 sensu,
1663 4177 1735 4255 ut
1761 4191 1957 4262 Ioues
1987 4202 2054 4258 et
2086 4191 2198 4281 qui
2221 4192 2358 4256 Do-

190 4295 349 4361 ridis
391 4296 645 4364 mitiore
688 4317 928 4381 genere
973 4303 1241 4360 utuntur
1285 4291 1470 4381 prius
1525 4290 1780 4374 ἄγωσα,
1844 4302 2066 4381 postea
2122 4292 2356 4374 ἄγουσα
