2875 5000
526 466 680 546 576
1131 465 1483 544 Addenda
1534 482 1606 543 et
1650 465 2123 571 Corrigenda.

694 673 888 767 Pag.
935 672 1059 744 411
1113 676 1167 743 l.
1210 674 1257 743 7
1296 686 1496 742 extr.
1602 674 1846 741 Parum
1904 673 2319 742 considerate
2380 696 2464 740 ea
2528 672 2747 740 addita

528 788 688 845 suut
715 826 737 865 ,
807 802 976 869 quae
1033 778 1465 845 recentiorem
1510 776 1860 845 dialectum
1903 775 2297 866 Delphicam
2344 777 2430 842 ab
2476 777 2747 844 Aetolis

529 880 831 968 ducunt,
898 905 1047 949 nam
1090 880 1272 947 tituli
1316 905 1418 947 nr.
1459 879 1650 949 1690.
1687 880 1854 948 1693
1896 892 2047 947 ante
2089 877 2495 946 Aetolorum
2541 877 2744 946 domi-

529 984 863 1050 nationem
908 982 1138 1074 scripti
1183 993 1359 1048 sunt.

700 1086 891 1175 Peg.
937 1087 1066 1153 412
1123 1084 1234 1150 in.
1337 1081 1538 1150 Nunc
1594 1084 1746 1152 aliis
1796 1108 2061 1175 quoque
2103 1083 2348 1152 vicinis
2388 1082 2747 1149 Doriensi-

528 1186 661 1252 hus
705 1199 1026 1253 maturum
1067 1183 1513 1276 &enitivorum
1558 1185 1631 1253 in
1674 1185 1792 1265 ἕως
1835 1212 2026 1256 usum
2072 1185 2576 1254 vindicavimus
2609 1186 2742 1253 vid.

531 1291 615 1356 ad
769 1289 921 1357 237.

656 1314 921 1455 1'lliith
961 1393 1050 1473 a).
1142 1389 1490 1457 Teliorum
1535 1387 1901 1477 dialectus,
1968 1416 2162 1482 quam
2219 1416 2258 1457 e
2318 1414 2430 1455 nr.
2486 1390 2621 1458 169
2658 1391 2735 1456 R.

529 1494 946 1584 aliquatenus
1003 1492 1474 1582 cognovimus,
1549 1516 1697 1559 cum
1739 1493 2078 1560 Rhodiaca
2135 1518 2269 1560 non
2332 1492 2613 1560 differre
2648 1494 2731 1560 vi·

530 1596 764 1663 detur·
745 1644 768 1681 ,
855 1594 1169 1661 infinitivi
1212 1606 1387 1663 certe
1429 1595 1953 1664 terminationem
1994 1622 2130 1680 μειν
2171 1618 2603 1663 communem
2631 1597 2722 1661 ha·

532 1700 644 1764 het
686 1698 822 1765 vid.
870 1698 953 1764 ad
995 1721 1064 1789 p.
1112 1697 1261 1763 315.

2852 1349 2858 1396 Ι

702 1802 901 1892 Pag.
948 1799 1140 1866 413
1119 1824 1228 1865 ιιι.
1317 1798 1376 1865 Ε
1436 1797 1631 1865 titulo
1689 1821 1793 1864 nr.
1843 1798 1967 1866 159
2011 1800 2097 1866 R.
2146 1739 2472 1892 apparet,
2543 1803 2738 1892 Asty-

528 1904 917 1995 palaeenses
1002 1903 1399 1991 syllabarum
1478 1900 1774 1966 finalium
1858 1905 2270 1993 correptione
2336 1929 2504 1972 usos
2566 1929 2740 1971 esse.

534 2005 922 2096 Calymnius
983 2004 1063 2072 C.
1108 2005 1167 2071 1.
1230 2026 1334 2068 nr.
1379 2002 1548 2070 2671
1613 2003 2021 2071 accusativos
2096 2004 2168 2069 in
2233 2031 2345 2083 ους
2421 2018 2741 2074 exeuntes

577 2107 823 2174 racbet.

530 2132 575 2199 p
702 2208 921 2274 Ibid.
982 2208 1034 2275 l.
1082 2207 1202 2274 14:
1278 2206 1539 2296 Nisyrii
1583 2231 1733 2274 eum
1775 2208 2017 2276 vicinis
2058 2210 2217 2276 Cois
2259 2211 2498 2279 eadem
2544 2212 2740 2277 ‹lisle-

533 2321 639 2379 cto
682 2310 789 2376 usi
831 2333 979 2377 esse
1021 2309 1354 2377 videntur.
1448 2310 1799 2402 Correptio
1842 2325 2017 2379 certe
2060 2325 2329 2404 apparet
2369 2339 2413 2394 e
2471 2339 2577 2379 nr.
2622 2314 2741 2379 166
2856 2391 2857 2394 ¹

532 2413 622 2480 R.
688 2413 869 2479 Idem
900 2414 1140 2480 titulus
1163 2413 1613 2481 contractione
1646 2415 1715 2479 in
1758 2438 1822 2478 ευ
1857 2414 2169 2500 abstinet,
2214 2440 2383 2507 quae
2415 2415 2743 2507 conspici·
2856 2409 2857 2460 ³

531 2530 642 2584 tur
682 2517 755 2583 in
800 2515 1286 2606 sepulcralibus
1329 2540 1431 2583 nr.
1472 2514 1619 2583 168.-
1708 2517 1766 2583 Ε
1792 2516 1977 2585 ‘Cois
2018 2518 2234 2584 titulis
2276 2544 2382 2584 nr.
2422 2521 2553 2588 173
2597 2543 2742 2585 ean-

536 2620 689 2687 dem
733 2619 1243 2687 contractionem
1297 2629 1683 2709 aspernatur
1708 2661 1731 2702 ,
1795 2641 1898 2685 nr.
1948 2619 2071 2688 175
2126 2621 2401 2712 praehet
2459 2622 2535 2689 in
2590 2619 2744 2689 Θεό·
2856 2602 2857 2617 ’

535 2726 762 2810 &apog-

703 2827 897 2913 Pag.
943 2824 1072 2892 445
1130 2824 1182 2891 l.
1233 2825 1296 2891 1.
1387 2823 1562 2915 Leg.
1621 2823 1830 2907 Φόλῳ.

702 2926 920 2993 Ibid.
965 2927 1063 2992 fr.
1108 2926 1218 2993 60.
1308 2926 1481 3019 Leg.
1533 2928 1809 3008 Χορὸαί.

704 3030 896 3118 Pag.
944 3028 1074 3096 446
1124 3029 1208 3095 fr.
1255 3028 1364 3095 65.
1453 3028 1757 3095 Titulum
1802 3028 1953 3119 lege
1994 3027 2270 3113 Λόγος
2325 3033 2466 3094 καὶ
2505 3030 2755 3113 Λογί-

533 3160 667 3219 να,
727 3132 863 3200 vid.
913 3130 1224 3221 Theogn.
1272 3131 1457 3197 Αιιιι.
1507 3132 1681 3197 Oxx.
1729 3130 1822 3197 II.
1870 3155 1937 3220 p.
1987 3132 2148 3215 114,
2195 3131 2276 3216 3,
2340 3133 2462 3221 qui
2504 3134 2752 3216 Λογίνη

536 3245 1002 3301 commemorat
1043 3256 1193 3299 cum
1237 3241 1329 3298 Ac
1320 3236 1553 3314 ητίνη,
1598 3233 1943 3317 ἰ’νΑδρηστ
1911 3260 2028 3312 νη,
2087 3231 2356 3311 Εὖηνίνι
2350 3261 2412 3310 2,
2476 3233 2751 3300 Εὗκολί·

534 3363 636 3416 νη.
725 3335 958 3426 Itaque
995 3338 1198 3418 Λογίν
1165 3364 1244 3401 να
1289 3347 1390 3405 est
1428 3336 1953 3428 patronymicum
2012 3359 2051 3399 a
2089 3334 2308 3420 Λόγος
2353 3334 2750 3420 derivatum,

535 3439 609 3507 id
652 3437 830 3529 quod
870 3436 1207 3502 intellexit
1248 3439 1580 3526 Bergkius
1628 3439 1708 3504 de
1752 3438 1947 3528 reliq.
1993 3460 2161 3502 com.
2209 3423 2354 3502 Att.
2403 3462 2481 3526 p.
2536 3438 2693 3505 149.

707 3541 820 3606 Pa
838 3563 905 3628 g
950 3539 1081 3606 450
1146 3539 1243 3604 fr.
1291 3538 1400 3604 88.
1492 3539 2044 3607 Schneidewinus
2099 3563 2285 3605 mens
2339 3562 2469 3629 per
2525 3540 2751 3606 literas

537 3642 704 3711 mihi
747 3640 1067 3713 iudicavit
1089 3686 1111 3725 ,
1157 3640 1229 3705 in
1263 3639 1587 3707 Macrobii
1632 3640 2099 3731 antiquissimo³
2137 3642 2367 3709 codice
2411 3640 2754 3707 Parisieu·

540 3745 600 3811 si
660 3768 732 3810 se
775 3741 1127 3811 ⁴invenisse
1168 3745 1887 3822 ΑΝΑΞΑΝΑΛΑΝ,
1974 3744 2151 3810 unde
2209 3744 2368 3819 ἄναξ
2425 3741 2540 3807 ἄν’
2575 3743 2758 3809 Ἴδαν

540 3845 903 3914 eruendum
963 3869 1116 3913 esse
1178 3846 1327 3937 ipsa
1379 3844 1705 3915 Macrobii
1758 3847 1960 3914 verba
2016 3846 2388 3912 certissime
2444 3867 2757 3936 compro·

536 3947 719 4033 hare.
828 3947 983 4015 Non
1030 3947 1188 4014 satis
1234 3949 1541 4037 intelligo
1566 3996 1588 4033 ,
1666 3974 1821 4015 num
1865 3949 1985 4015 illa
2028 3949 2100 4014 iu
2146 3947 2376 4015 codice
2418 3970 2545 4037 pro
2603 3949 2761 4024 ἄναξ

537 4053 729 4117 ναίων
789 4051 1139 4139 legantur,
1226 4075 1360 4118 non
1425 4051 1750 4118 assentior
1807 4050 1889 4116 de
1943 4049 2271 4120 Macrobii
2330 4048 2760 4132 testimonio,

540 4151 659 4244 qui
716 4175 917 4241 quum
976 4151 1422 4221 demonstrare
1478 4154 1640 4221 velit
1662 4201 1684 4240 ,
1765 4153 2054 4257 Gargara
2106 4176 2230 4244 pro
2284 4142 2764 4218 excelsissimo
2852 4164 2853 4169 ’

538 4254 788 4322 montis
831 4255 980 4324 loco
1022 4254 1280 4344 accipi,
1326 4255 1484 4322 Idae
1524 4251 2205 4324 commemorationem
2245 4252 2319 4318 in
2346 4275 2553 4318 versu
2589 4252 2765 4344 Epi-

540 4357 844 4424 charmeo
899 4380 1033 4423 non
1091 4356 1300 4446 magis
1343 4357 1794 4435 desideramus
1839 4383 2031 4450 quam
2090 4355 2165 4422 in
2205 4352 2574 4437 Homerico
2630 4353 2767 4422 ibi·
