2875 5000
483 432 544 524 §-
600 434 727 513 35.
830 438 945 510 De
994 450 1486 536 systematum
1533 436 2005 514 formatione.
2194 439 2355 518 289

48 679 49 684 κ
150 651 413 709 oenstat
438 687 459 725 ,
507 653 581 708 ut
622 641 1107 734 post.liquidas
1152 668 1181 707 ε
1223 643 1667 723 insereretur,
1714 643 1956 712 deinde
1999 670 2041 711 σ
2081 646 2359 734 ejicere-

150 755 291 826 tur,
368 756 449 809 ut
493 768 531 809 e
573 745 724 808 τὲν-
749 769 840 810 σω
881 745 1145 823 teriora,
1220 747 1449 823 τενέω,
1507 750 1684 812 tevai.
1793 746 1941 814 Jam
1986 748 2056 814 in
2102 748 2356 816 Doride

155 869 352 938 quum
397 846 531 916 duo
573 870 605 911 ε
644 859 1151 930 concurrerent,
1195 848 1475 916 alterum
1504 849 1786 935 ejectum
1815 861 1957 935 est,
2000 851 2388 941 vestigium,

156 959 367 1014 tamen
418 949 569 1034 ejus
613 947 683 1014 in
728 947 1276 1034 Heracleensium
1321 950 1600 1018 dialecto
1645 950 2190 1042 deprehenditur,
2237 951 2358 1042 qui

152 1050 348 1140 primi
394 1050 605 1116 futuri
645 1050 903 1116 tertiam
946 1052 1268 1140 pluralem
1315 1051 1555 1119 οἱσὸντι
1597 1053 1877 1137 habent,
1928 1054 2202 1121 secundi
2247 1053 2360 1138 ἄγω

151 1156 449 1236 φιλέοντι,
493 1175 710 1242 neque
753 1145 1037 1219 fortasse
1074 1155 1265 1222 aliter
1306 1154 1766 1246 explicandum
1807 1165 1954 1240 est,
2001 1151 2181 1246 qustid
2222 1156 2358 1245 Ly-

160 1254 333 1332 sistr.
386 1255 514 1322 183
560 1253 887 1337 ὀμιώμεθα
930 1266 1033 1321 est
1069 1279 1193 1345 pro
1240 1254 1607 1339 ὀμούμεθα,
1670 1282 1804 1324 non
1850 1256 2184 1340 ὀμιόμεθα.

316 1358 571 1426 Futura
611 1357 864 1448 passivi
906 1358 975 1422 h.
1010 1382 1068 1423 e.
1119 1358 1235 1424 illa
1281 1360 1501 1424 futura
1523 1403 1545 1441 ,
1590 1382 1759 1448 quae
1802 1359 1884 1424 ab
1920 1357 2183 1425 aoristis
2210 1382 2356 1448 pas—

157 1457 274 1526 sivi
325 1456 747 1542 derivantur,
816 1461 889 1525 in
932 1454 1186 1526 Doride
1246 1484 1397 1528 eum
1441 1461 1609 1551 ipsis
1653 1460 1915 1527 aoristis
1958 1460 2357 1527 terminatio·

154 1584 269 1626 nes
318 1559 685 1646 objectivas
726 1562 1040 1629 hahuisse
1083 1562 1417 1628 videntur.
1461 1561 1784 1644 “Primum
1829 1563 1897 1626 in
1931 1562 2136 1628 Ther.
2161 1564 2354 1630 2448.

158 1664 225 1745 1,
283 1660 372 1729 25
430 1661 741 1734 traditum
810 1675 911 1729 est
977 1666 1521 1750 συναχθησοῦντι,
1612 1664 1786 1752 quod
1843 1663 2219 1730 Boeeklnius
2288 1664 2359 1730 in

42 1801 45 1802 ν
168 1768 704 1848 συναχθησοῦνται
769 1767 1092 1851 mutavit,
1183 1765 1423 1831 deinde
1489 1765 1560 1830 in
1615 1766 1923 1854 Astypal.
1992 1767 2208 1842 2483,
2277 1765 2361 1832 25

161 1868 535 1949 ἕπιμεληθη.
559 1914 577 1931 .
598 1891 653 1931 ει
728 1868 935 1933 multo
1018 1867 1282 1935 facilius
1361 1867 1432 1933 iu
1499 1868 1947 1951 ἕπιμεληθησεῒ
2002 1868 2359 1933 mutaveris

155 1991 343 2058 quam
388 1991 542 2035 eum
585 1968 921 2035 Boeekhio
966 1969 1036 2034 in
1082 1969 1608 2054 ἕπιμεληθήσεται
1662 1981 1775 2035 aut
1828 1968 2050 2058 potius
2110 1968 2179 2034 in
2224 1971 2361 2033 ἐπι-

40 2107 49 2164 ,ιζ
155 2073 639 2156 μεληθησεῒται;
683 2081 819 2136 tum
842 2070 1165 2137 Doricum
1196 2071 1570 2148 αἶατωθὴσω
1602 2094 1719 2161 pro
1759 2069 2133 2162 ἀκούσομαι,
2180 2070 2358 2160 quod

154 2173 466 2251 Photius,
515 2172 800 2250 Suidas,
849 2171 1226 2262 Hesychius
1270 2176 1586 2258 afferunt,
1654 2174 1826 2240 haud
1869 2174 2065 2240 dubie
2110 2183 2211 2239 est
2253 2175 2358 2237 fu·

155 2285 365 2342 turum
410 2276 697 2365 primum
744 2275 995 2364 passivi
1036 2298 1075 2340 a
1115 2276 1315 2344 verbo
1359 2278 1642 2366 quodam
1689 2275 1933 2342 οὐατόω
1978 2276 2148 2341 male
2191 2275 2360 2342 illud

38 2417 45 2452 4,
156 2402 188 2442 a
225 2377 431 2444 variis
478 2376 688 2443 doctis
732 2377 803 2442 in
852 2376 1322 2458 αἳατωθήσομαι
1350 2387 1663 2444 mutatum
1698 2378 1831 2443 vid.
1866 2378 1931 2460 ξ.
1970 2379 2078 2460 31,
2125 2390 2261 2444 not.
2289 2379 2355 2444 9.

156 2479 501 2547 Postremo
522 2480 694 2570 apud
716 2479 1179 2546 Archimedem
1196 2479 1406 2546 Aren.
1437 2505 1506 2569 p.
1535 2481 1655 2549 331
1691 2490 1791 2546 est
1821 2478 2145 2563 φανήσειν,
2182 2480 2363 2570 quod

38 2599 47 2657 j
157 2581 536 2648 Loheekius
579 2581 661 2647 ad
691 2582 941 2649 Buttm.
968 2584 1257 2649 Gramm.
1306 2583 1377 2649 ll
1421 2607 1489 2672 p.
1516 2584 1639 2649 311
1688 2607 1724 2648 e
1769 2582 2176 2666 φανήσεσθαι
2219 2604 2358 2646 eor-

158 2696 413 2774 ruptm
460 2708 608 2750 esse
653 2676 1066 2774 suspicatur,
1113 2694 1180 2749 et
1206 2684 1288 2750 de
1320 2684 1598 2751 Conoid.
1651 2710 1718 2775 Ρ.
1750 2684 1882 2753 277-
1924 2686 2362 2767 δειχθησοῦντι

159 2786 332 2866 (eod.
393 2785 551 2851 Par.
611 2784 669 2850 B
731 2788 1247 2871 ὃειχθησοῦνται,
1317 2785 1395 2852 C.
1456 2786 1547 2851 D.
1609 2787 1785 2851 Ven.
1858 2784 2354 2870 δειχθήσονται),

163 2888 327 2953 idem
370 2913 443 2979 p.
476 2887 606 2955 278
651 2888 760 2975 (Β.
812 2890 1349 2974 δειχθησοῦνται),
1395 2898 1591 2979 atque
1634 2892 1845 2953 Aren.
1892 2911 1961 2976 Ρ.
1997 2886 2124 2953 320
2164 2884 2361 2951 Basi-
2464 2956 2469 2962 ,

162 2989 403 3056 leensis
457 2989 659 3055 lectio
721 2993 1026 3076 ὁειχθεῒσι
1084 3002 1150 3056 et
1211 2993 1579 3076 δειχθεισῶν
1640 2990 1712 3055 in
1759 2990 1912 3054 Par.
1960 2987 2026 3053 A
2071 3012 2193 3078 pro
2237 2990 2364 3052 δει-

38 3134 45 3165 r
160 3092 523 3177 χθήσεσθαι
566 3093 845 3159 fortasse
876 3095 1235 3182 genuinam
1277 3093 1626 3158 lectionem
1666 3093 2022 3177 δειχθησεῒν
2045 3090 2356 3179 produnt.

38 3238 39 3267 3
163 3193 284 3260 His
307 3193 633 3284 exemplis
658 3195 952 3286 exeeptis
982 3195 1156 3286 apud
1171 3194 1635 3260 Archimedem
1671 3218 1747 3260 ea
1773 3195 1992 3263 futura
2027 3216 2365 3281 nunquam

164 3306 483 3362 eontraeta
541 3297 960 3384 reperiuntur
1016 3320 1232 3386 neque
1289 3295 1362 3360 in
1422 3294 1824 3361 editionibus
1881 3318 2096 3384 neque
2141 3295 2214 3358 in
2253 3317 2362 3360 eo·

38 3464 41 3469 .
167 3395 371 3464 dicum
416 3398 594 3464 varia
636 3399 962 3482 lectione,
1052 3399 1170 3464 sed
1230 3398 1483 3489 ubique
1540 3399 1850 3487 vulgares
1913 3397 2205 3480 formae,
2294 3406 2368 3460 ut

171 3499 560 3585 δειχθήσεται
604 3500 686 3565 de
729 3501 922 3568 Plan.
969 3502 1144 3592 Aeq.
1194 3526 1262 3591 p.
1308 3500 1392 3583 6,
1438 3499 1520 3566 de
1565 3499 1815 3584 Quadr.
1866 3498 2101 3567 Pas-ab.
2153 3523 2220 3587 Ρ.
2253 3498 2361 3565 22.

172 3600 247 3667 24
286 3613 348 3667 et
393 3602 829 3691 saepissime,
879 3602 1320 3689 δειχθήσονται
1365 3603 1445 3668 de
1492 3602 1658 3668 Con.
1707 3628 1774 3692 Ρ.
1819 3601 1986 3685 276,
2035 3596 2354 3683 διαιρεθή-

184 3724 329 3768 σεται
385 3704 468 3769 de
525 3704 716 3768 Plan.
764 3704 939 3792 Aeq.
1003 3727 1072 3791 Ρ.
1118 3704 1202 3789 8,
1268 3704 1675 3786 λαφθήσεται
1730 3716 1796 3769 et
1853 3701 2370 3785 κρεμασθήσεται

179 3801 245 3868 de
283 3806 539 3888 Quadr.
579 3806 819 3870 Parah.
872 3830 935 3894 Ρ.
962 3808 1089 3890 24,
1132 3806 1574 3888 τμαθήσονται
1622 3805 1702 3871 de
1729 3807 1919 3869 Plan.
1962 3802 2140 3893 Aeq.
2187 3829 2254 3892 p.
2283 3800 2369 3867 36

174 3915 284 3972 ete.
345 3921 472 3973 ete.
586 3907 733 3972 Jam
775 3931 930 3973 vero
975 3932 1175 3996 quum
1227 3909 1296 3972 in
1341 3907 1618 3996 reliquis
1664 3908 1907 3972 futuris
1951 3930 2098 3971 raro
2145 3905 2369 3991 vulga-

173 4030 268 4072 res
307 4009 555 4074 formae
612 4033 733 4098 pro
777 4009 1049 4076 Derieis
1108 4010 1457 4098 legantur,
1523 4010 1892 4073 futurorum
1956 4006 2368 4097 passivorum

38 4166 41 4203 ¹.
171 4111 555 4195 peculiarem
602 4111 929 4201 quandam
973 4112 1290 4176 rationem
1339 4134 1486 4175 esse
1530 4122 1816 4202 apparet.
1927 4113 2068 4176 Aut
2113 4105 2366 4173 librarii

38 4258 41 4313 f
174 4206 625 4278 insolentiores
669 4213 914 4278 formas
958 4211 1239 4278 Dorieas
1284 4236 1430 4278 eum
1474 4212 2051 4279 terminationibus
2097 4206 2373 4294 objecti-

173 4310 262 4376 vis
302 4313 366 4377 in
414 4316 723 4403 vulgares
767 4324 1150 4399 mutarunt,
1193 4326 1305 4382 aut
1345 4315 1493 4406 ipse
1524 4315 1959 4385 Archimedes
2006 4313 2376 4379 futurorum

274 4442 363 4508 11.
1906 4443 1989 4509 19
