2875 5000
509 422 576 514 §.
623 424 739 501 35.
835 425 951 497 De
993 437 1479 522 systematum
1527 424 1991 500 formatione.
2197 425 2352 505 283

202 627 428 694 tentiam
488 639 773 693 nostram
830 625 1290 716 exposuimus,
1355 649 1712 717 paucorum
1770 630 1841 694 in
1905 629 2350 720 cognitionem

201 730 539 824 pervenisse
564 730 887 813 videatur,
936 753 1251 796 summam
1285 729 1385 795 rei
1415 730 1748 797 succincte
1779 732 1921 818 jam
1952 744 2345 823 repetemus.

338 832 568 898 Omnis
632 832 919 899 Graecae
981 831 1467 922 conjugationis
1525 834 1693 898 ratio
1752 834 2030 900 maxime
2083 837 2155 901 in
2215 861 2349 925 sy-

110 953 113 980 *
206 935 555 1002 stematis
630 946 973 1020 versatur,
1059 957 1228 1023 quae
1305 957 1392 1000 nc
1468 935 1677 1000 ullum
1746 934 2016 1026 quidem
2076 939 2350 1005 verbum

199 1039 377 1105 omnia
431 1037 866 1127 amplectitur.
983 1037 1351 1125 Systemata
1408 1048 1625 1103 autem
1682 1039 1844 1105 haec
1900 1063 1939 1105 a
1994 1040 2190 1107 nobis
2230 1065 2354 1108 vo·-

104 1137 109 1198 .'
200 1153 422 1207 cantura
490 1140 561 1223 1)
604 1142 931 1206 Praesens
973 1163 1124 1205 cum
1167 1141 1604 1229 Inperfecta,
1669 1142 1741 1223 2)
1785 1143 2159 1208 Perfectum
2202 1165 2354 1209 eum

199 1242 810 1334 Plusquamperfecto
835 1289 858 1326 ,
924 1243 994 1321 3)
1050 1243 1377 1308 Futurum
1396 1287 1417 1325 ,
1484 1244 1556 1322 4)
1620 1243 1936 1310 Aoristus
1978 1245 2012 1309 Ι
2066 1245 2223 1310 Act.
2284 1255 2351 1310 et

104 1349 105 1352 ’
194 1343 379 1429 Med„
420 1346 486 1425 5)
529 1346 849 1412 Aeristus
889 1346 956 1411 11
992 1346 1151 1411 Act.
1199 1356 1265 1410 et
1305 1344 1489 1411 Med.
1512 1390 1534 1427 ,
1576 1343 1647 1430 6)
1687 1345 2004 1413 Aeristus
2046 1347 2080 1411 Ι
2122 1347 2346 1431 Pass.,

195 1445 248 1528 7)
281 1446 575 1514 Aoristus
622 1447 692 1513 11
734 1449 919 1514 Pass.
943 1495 965 1532 ,
1033 1449 1106 1529 8)
1157 1447 1563 1514 lterativum.
1670 1447 1819 1514 Jam
1866 1448 2080 1514 omnis
2121 1449 2350 1535 conju·

195 1548 335 1636 gatis
371 1549 628 1616 duabus
670 1552 874 1618 rebus
910 1550 1322 1634 continetur,
1371 1560 1795 1639 systematum
1839 1550 2349 1617 formatione

197 1662 249 1715 et
278 1652 672 1719 flexione.
763 1653 1200 1742 Systematum
1245 1652 1700 1718 formationem
1743 1676 1884 1719 eam
1918 1653 2348 1743 appellamus,

200 1775 300 1844 qua
345 1778 374 1822 e
427 1757 641 1846 stirpe
698 1755 950 1824 verbali
1008 1755 1420 1844 singulorum
1467 1765 1889 1843 systematum
1935 1756 2175 1845 stirpes
2219 1756 2352 1820 effi-

197 1853 435 1934 ciuntur,
484 1867 565 1924 ut
608 1882 647 1924 a
687 1885 804 1923 τυπ
850 1857 1228 1924 derivantur
1272 1857 1472 1947 stirps
1516 1856 1894 1923 Praesentis
1936 1856 2091 1921 τύπτ
2109 1903 2130 1941 ,
2187 1858 2350 1923 Per·

188 1955 310 2023 secti
343 1984 560 2043 τετυφ,
631 1960 865 2026 Futuri
909 1973 974 2026 et
1014 1958 1272 2025 Aoristi
1315 1958 1349 2024 I
1391 1978 1555 2043 τυψ,
1616 1957 1874 2026 Aeristi
1913 1957 1947 2023 I
1988 1983 2058 2049 p.
2105 1969 2345 2043 τυφθη,

187 2060 400 2132 Antisti
441 2062 511 2128 11
557 2086 630 2152 p.
691 2061 877 2141 τύπη.
986 2060 1425 2150 systematum
1482 2062 1682 2128 flexio
1738 2062 1815 2128 fit
1866 2085 1987 2152 per
2044 2062 2349 2128 termina-

185 2161 395 2248 tiones,
439 2190 567 2256 per
608 2175 1033 2254 augmentum
1075 2164 1415 2230 indicativi
1456 2165 1957 2254 praeteritorum
2004 2173 2071 2230 et
2100 2164 2348 2253 aliqua-

185 2274 342 2333 tenus
378 2291 495 2358 per
536 2268 869 2334 vocalium
915 2266 1361 2333 mutationem.
1473 2266 1771 2350 Quatuor
1813 2268 1885 2333 in
1932 2292 2005 2333 ea
2051 2276 2348 2357 spectan-

183 2377 275 2431 tur·
300 2370 791 2460 conjugationis
846 2368 1232 2436 varietatesz
1323 2370 1393 2448 1)
1449 2370 1837 2459 conjugatio
1892 2371 1965 2436 in
2022 2396 2109 2446 ω,
2177 2391 2349 2459 quae

182 2472 608 2562 complectitur
648 2473 966 2562 pleraque
1010 2473 1392 2539 Praesentia
1436 2483 1503 2538 et
1537 2473 1890 2563 plerosque
1929 2470 2242 2539 Aoristos
2276 2470 2347 2537 11

181 2593 224 2637 a.
260 2598 337 2639 m.
362 2620 383 2658 ,
458 2573 685 2642 omnia
743 2575 1001 2641 Futura
1050 2587 1114 2641 et
1154 2574 1507 2662 Iterativa3
1592 2572 1671 2661 2)
1715 2573 2091 2665 conjugatio
2134 2575 2206 2639 iu
2248 2599 2343 2655 με,

181 2694 339 2761 quam
395 2688 769 2769 sequuntur
824 2700 1032 2767 pauca
1074 2678 1461 2745 Praesentia
1520 2689 1588 2745 et
1639 2679 1834 2769 pauci
1877 2675 2135 2742 Aoristi
2175 2675 2244 2739 ΙΙ
2278 2698 2342 2740 a.

178 2798 247 2840 m.
267 2824 286 2860 ,
349 2803 580 2846 omnes
623 2779 881 2845 Aeristi
924 2780 980 2845 1.
1028 2780 1098 2845 11
1142 2781 1445 2867 Passivig,
1536 2782 1604 2860 3)
1660 2779 2039 2869 conjugatio
2089 2776 2349 2843 Aoi-isti

180 2877 282 2944 Ia.
326 2906 460 2968 ιιι-ς
531 2884 605 2962 4)
664 2882 1042 2970 conjugatio
1087 2883 1402 2951 Perfeeti.
1492 2882 2059 2949 Terminationum
2103 2881 2348 2972 duplex

178 3001 350 3067 genus
394 2995 764 3076 spectatur,
844 2985 1118 3099 alterum
1161 2986 1233 3051 in
1275 2987 1365 3052 iis
1388 3034 1411 3072 ,
1478 3010 1645 3076 quae
1688 2986 1890 3073 vulgo
1934 2985 2016 3050 ad
2062 2984 2344 3050 activum

173 3086 518 3155 referuntur
560 3096 627 3153 et
669 3088 740 3153 in
787 3088 1051 3154 aoristis
1093 3089 1384 3177 passivi,
1459 3089 1730 3155 alterum
1778 3088 1848 3153 in
1893 3087 2170 3178 reliquis
2212 3110 2345 3151 me-

177 3183 253 3249 dii
290 3203 350 3254 et
386 3190 640 3280 passivi
681 3192 937 3259 formis.
1056 3191 1116 3257 Ο
1140 3192 1182 3256 b
1190 3191 1504 3278 jectivi
1549 3192 1817 3259 no-ine
1860 3189 1978 3257 illa
2020 3187 2346 3278 complexi

173 3309 414 3377 sumus,
463 3292 630 3361 haec
672 3293 1188 3381 Subjeetivi.

1131 3508 1197 3590 g,
1247 3507 1352 3574 35.

660 3663 783 3712 ne
828 3664 1305 3726 systematum
1342 3664 1826 3725 formatione.

318 3806 390 3892 1)
475 3808 691 3875 Pauca
754 3821 944 3888 sunt,
1016 3809 1261 3899 quibus
1313 3810 1802 3898 praesentis
1859 3810 2165 3878 formatio
2207 3814 2342 3880 Do-

169 3903 282 3972 rica
323 3933 359 3975 a
400 3911 655 3999 vulgari
699 3911 951 3977 ratione
1008 3912 1459 4002 distinguitur.
1566 3913 1673 3978 De
1731 3918 1767 3989 ζ
1823 3915 1998 4002 apud
2039 3916 2343 3982 Lacones

167 4000 570 4098 Megarenses
612 4013 684 4079 in
731 4016 807 4077 δδ
847 4025 1131 4099 mutato,
1194 4025 1264 4078 ut
1305 4015 1546 4078 παίδὸω
1588 4039 1707 4105 pro
1749 4020 1990 4095 παίζω,
2053 4019 2342 4086 diximus

167 4107 222 4188 ξ.
266 4112 379 4197 12,
424 4116 485 4181 3.
533 4118 616 4202 43
682 4117 764 4182 de
808 4116 1320 4183 Tarentinorum
1385 4119 1699 4183 λακτίσσω
1742 4143 1865 4209 pro
1907 4124 2167 4197 λακτίζω
2212 4132 2336 4186 etc.

167 4207 221 4290 §-
266 4215 384 4298 12,
428 4217 511 4303 53
597 4219 679 4285 de
745 4220 1139 4297 eorundem,
1209 4218 1267 4285 si
1331 4232 1506 4286 recte
1563 4221 1885 4305 traditur,
1956 4222 2163 4299 ἀνάξω
2220 4248 2342 4313 pro

168 4308 407 4381 ἀνάσσω
450 4331 573 4387 etc.
626 4325 692 4406 §.
740 4323 861 4405 13,
910 4323 988 4406 33
1048 4323 1119 4388 in
1162 4321 1399 4390 iisdem
1442 4324 1871 4414 paragraphis
1917 4324 1999 4390 'de
2041 4325 2194 4392 aliis
2236 4351 2339 4393 ra-
