2875 5000
440 440 504 532 §.
558 439 681 515 42.
739 442 853 514 De
892 439 1407 540 conjugatione
1436 444 1797 517 anomala.
2070 444 2220 521 339

196 644 552 729 (γαθέω)
594 643 852 728 γεγάθει
893 645 1132 734 Epieh.
1181 646 1266 713 70
1305 645 1441 712 vid.
1489 646 1553 729 ξ.
1600 649 1724 731 41,
1771 651 1831 715 1.

198 749 528 830 γίνομαι
587 746 750 826 (vid.
798 747 861 830 §.
918 748 1041 829 15,
1082 748 1195 831 7),
1265 748 1431 814 Aor.
1479 749 1572 815 ΙΙ.
1620 749 1908 833 ἐγενόμαν
1967 751 2081 833 (de
2122 778 2220 837 γε·

58 850 286 933 νάμενος
334 848 471 914 vid.
518 848 584 932 ξ.
631 849 749 933 37,
796 850 908 933 5),
971 850 1156 915 Perf.
1204 852 1562 935 γεγένημαι,
1607 853 1772 918 Aer.
1818 853 1850 918 Ι
1894 853 2220 938 ἐγενήθην,

67 953 161 1044 qui
198 976 275 1017 ex
320 950 717 1041 Epicharmo
761 962 834 1016 ut
879 950 1169 1018 Doricus
1211 953 1425 1019 afferri
1471 952 1734 1036 yidetm·
1762 958 1857 1039 2);
1926 956 2107 1023 Pers.
2152 958 2221 1023 ll

63 1057 299 1138 γέγονα,
356 1065 430 1118 ut
482 1051 704 1117 Rhod.
765 1051 972 1138 2905,
1038 1054 1321 1142 Agrig„
1393 1053 1575 1120 Cret.
1634 1055 1829 1123 2556.
1938 1058 2223 1126 Perseeti

60 1157 232 1246 primi
284 1155 649 1221 infinitivus
706 1153 986 1238 γεγάκειν
1040 1156 1215 1244 apud
1256 1156 1617 1223 Pindarum
1676 1157 1971 1246 01..V1,
2019 1161 2104 1227 49
2159 1170 2227 1228 et

60 1258 491 1344 conjunctivus
546 1257 787 1340 γεγάκω
850 1256 1026 1346 apud
1085 1259 1494 1347 Hesychium
1552 1284 1590 1325 a
1645 1259 1865 1327 radice
1912 1259 2032 1328 TA
2089 1287 2223 1329 non

60 1361 203 1427 male
238 1360 479 1426 Dorici
519 1359 746 1424 haberi
796 1360 1120 1426 videntur.

200 1462 570 1546 γινώσκω
615 1461 780 1542 (vid.
829 1466 892 1544 ξ.
944 1462 1070 1545 15,
1117 1463 1225 1545 7),
1270 1462 1543 1529 Aor.11
1589 1463 1777 1546 ἔγνων
1818 1464 2225 1554 (3Ρ1.ἕγνον

60 1564 112 1648 ξ
155 1567 263 1643 39,
315 1567 399 1648 3,
461 1565 640 1652 conj.
698 1590 915 1648 γνωντι
955 1563 1021 1647 ξ.
1071 1564 1189 1642 39,
1235 1566 1318 1642 2,
1391 1565 1688 1652 imporat.
1734 1570 1939 1649 γνῶθι
1979 1567 2222 1658 Epich-

61 1666 232 1753 129)3
292 1667 590 1733 futurum
653 1664 1030 1749 ἇναγνώοντι
1088 1664 1267 1731 Cret.
1324 1663 1536 1750 2554,
1577 1666 1688 1733 39.
1733 1667 1820 1734 45
1879 1668 2224 1737 barbarum

62 1780 149 1833 est
197 1780 256 1834 et
311 1770 378 1834 in
437 1768 940 1857 corruptissimo
998 1766 1194 1833 titulo
1240 1780 1655 1857 corruptum,
1724 1792 1760 1832 e
1803 1769 2224 1857 conjunctivo

58 1871 257 1937 coristi
305 1870 683 1955 ἀναγνῶντι,
729 1871 786 1936 si
832 1868 994 1959 quid
1035 1867 1254 1935 video.

196 2000 283 2057 γρ
309 1973 526 2055 άφω,
573 1975 740 2040 Aor.
788 1973 857 2038 ll
901 1997 968 2062 p.
1016 1969 1319 2056 ἐγράφην.
1408 1971 1516 2036 De
1559 1970 1748 2038 tertia
1791 1971 2034 2061 plurali
2077 1997 2222 2063 per-

50 2075 190 2141 fecti
251 2076 612 2163 subjectivi
671 2073 1059 2161 γεγράψαται
1078 2124 1101 2153 ,
1166 2070 1617 2159 γεγράφονται,
1684 2076 2021 2159 γέγραπται
2083 2076 2219 2143 vid.

197 2281 537 2363 (δαίω),
600 2277 1036 2361 dividere,
1092 2278 1258 2345 Aor.
1290 2278 1323 2344 1
1368 2277 1896 2361 κατεδασσάμεθα
1938 2289 2006 2345 et
2045 2303 2225 2346 ποτε-

48 2382 410 2466 ,ὁασσάμεθα
451 2382 523 2446 in
567 2380 834 2447 Hei-ael.

197 2480 523 2571 (ὁαίω),
569 2506 851 2566 urere,
898 2483 1062 2571 Aer.
1094 2482 1161 2548 II
1188 2507 1254 2571 p.
1306 2479 1541 2566 ἐὸάβην
1586 2482 1916 2550 Laeoniee
1959 2486 2024 2568 ἓ.
2056 2484 2121 2568 5,
2155 2484 2216 2551 5.

200 2591 356 2666 δεῖ,
427 2585 626 2672 Conj.
691 2589 769 2674 δῇ
829 2586 1099 2674 Corcyr.
1148 2584 1352 2659 1845,
1400 2585 1525 2653 138
1569 2586 1701 2652 vid.
1747 2587 1811 2673 ἓ.
1861 2586 1982 2670 38,
2032 2588 2094 2652 1.
2139 2624 2221 2635 —-

66 2686 223 2777 Subj.
269 2689 472 2775 Cenj.
525 2692 727 2769 δῆσθε
770 2686 1008 2777 Sophr.
1059 2689 1136 2770 1,
1187 2688 1444 2750 δέωνται
1482 2686 1746 2775 Anaph.
1797 2687 2001 2770 1688,
2048 2691 2223 2755 δευο-

63 2793 184 2871 μένα
221 2791 467 2881 Sophr.
514 2791 636 2873 92,
684 2790 839 2855 Fut.
889 2789 1081 2877 δεήσῃ
1129 2787 1366 2877 Sophr.
1425 2788 1591 2872 102,
1654 2789 2046 2872 ὃεούμεθα
2093 2790 2223 2857 ἀντὶ

64 2899 155 2957 τοῦ
194 2891 644 2975 δεηθησόμεθα
689 2891 1083 2977 Ἐπίχαρμος
1124 2893 1519 2955 Δευκαλίωνι
1559 2891 1742 2956 Α1111.
1768 2891 1974 2959 Bekis.
2012 2892 2122 2969 90,
2153 2894 2217 2959 3.

203 2997 570 3076 δείκνυμι
611 2995 719 3061 vel
759 2993 1020 3059 δεικνύω
1062 2993 1129 3077 ξ.
1177 2990 1299 3075 35,
1351 2992 1429 3073 1,
1473 2990 1639 3057 Aor.
1688 2993 1720 3057 Ι
1764 2993 2003 3079 ἔδειξα,
2051 2994 2217 3060 Aor.

62 3095 87 3161 I
120 3122 180 3187 p.
229 3100 350 3163 ἔδει
333 3098 546 3184 ι’.χθην

211 3199 555 3283 ὁήλομαι
590 3180 861 3265 vet-buin
905 3195 1146 3263 Doridi
1189 3196 1522 3286 proprium
1570 3220 1687 3286 pro
1731 3195 2058 3279 βούλομαι
2082 3195 2218 3263 vi'd.

48 3299 111 3382 ἓ
151 3303 264 3387 19,
309 3303 376 3369 9.
425 3325 485 3367 e.

203 3406 424 3469 δι’νωε
474 3401 839 3467 ἆποὸίνωντι
882 3398 1147 3465 Hel-ael.
1196 3400 1270 3482 Ι,
1316 3400 1441 3473 54,
1511 3398 1686 3489 quod
1728 3398 2047 3465 brevioris
2092 3400 2220 3463 fot·-

67 3526 177 3572 mae
235 3509 383 3597 (pro
451 3504 661 3583 δινέω)
726 3502 1094 3590 exemplum
1157 3501 1329 3588 fugit
1370 3501 1774 3567 Lobeckium
1835 3501 1915 3565 ad
1970 3501 2216 3564 Buttm.

73 3601 122 3666 ll
163 3630 223 3695 p.
275 3606 423 3675 154.
514 3604 749 3694 Neque
807 3602 979 3668 enim
1027 3604 1393 3670 tabularum
1434 3602 1973 3668 Heracleensium
2023 3601 2220 3664 diale-

70 3716 182 3773 etus
217 3708 575 3799 permittit,
636 3717 710 3770 ut
755 3703 1122 3771 ἆποὸιναῖντι
1162 3705 1490 3770 scribatur
1532 3715 1596 3768 et
1638 3727 1672 3767 a
1719 3701 1896 3766 ὃινέω
1946 3701 2221 3766 deduca-

68 3815 170 3872 tur.
249 3811 444 3876 Adde
475 3808 871 3875 Lesbincum
919 3809 1097 3869 ὁίννω
1142 3808 1225 3870 L.
1254 3807 1284 3869 1
1330 3807 1392 3888 ξ.
1420 3807 1486 3883 8,
1513 3805 1552 3870 5
1598 3815 1664 3871 et
1704 3803 1872 3869 iufra
1907 3802 2217 3868 Addend.

67 3908 129 3971 nd
168 3911 246 3977 L.
270 3914 302 3978 Ι
347 3938 413 4003 p.
437 3911 585 3978 256.

115 4146 165 4211 2)
233 4148 352 4201 Phr
326 4165 451 4218 rynl
435 4148 548 4200 ic.h
592 4164 645 4218 p.
677 4148 796 4201 103.
851 4152 926 4212 (γε
930 4150 1138 4213 νηθῆνα
1104 4148 1182 4210 αι)
1220 4165 1297 4197 πα
1301 4144 1369 4216 ρὰ
1401 4144 1591 4211 ἰΕπχά
1556 4165 1766 4217 αρμῳκ
1914 4147 2077 4199 unffi
2041 4162 2217 4214 ω’ριον

65 4223 165 4281 '³12
206 4231 397 4288 δἈττ
367 4233 567 4292 τικίςων
612 4256 697 4302 γεν
700 4238 859 4287 ε’σιθα
909 4233 961 4285 λι
943 4235 1020 4299 εγέ
1020 4253 1109 4285 τω.
1186 4233 1443 4298 Lemma,
1498 4233 1645 4300 quod
1687 4232 1740 4286 in
1771 4166 1912 4286 111)ῖί
1896 4251 1944 4287 13
1981 4232 2219 4297 excidit,

65 4318 318 4381 probabili
360 4323 576 4378 ratione
610 4324 930 4393 suppletum
973 4333 1055 4375 est
1093 4320 1205 4391 vid.
1246 4321 1498 4374 Lobeck.

1715 4434 1840 4501 22·
