2875 5000
548 435 703 514 524
1159 433 1503 510 Addenda
1546 449 1618 508 et
1668 433 2169 535 Corrigenda.

550 636 754 705 nimia
796 635 1314 704 inconcinnitate
1354 637 1655 704 laborent
1679 684 1701 721 ‚
1762 635 2309 727 transpositione
2352 634 2619 702 utendum
2655 649 2701 703 et

547 750 759 807 totum
816 740 1255 827 fragmentum
1311 739 1381 805 in
1450 741 1619 808 hanc
1672 739 2000 807 rationem
2073 738 2546 806 restituendum
2590 762 2699 805 csse

550 842 979 910 arbitramur-z

857 943 1103 1010 Πώνειν
1144 945 1254 1026 μὲν
1299 944 1450 1028 α’μὲς
1490 948 1600 1012 καὶ
1640 945 1859 1029 φαγεῖν
1898 942 2049 1029 μέγ’
2098 941 2400 1028 ἀνδρικοὶ

859 1051 967 1112 καὶ
1009 1047 1406 1130 καρτερεῖμεν
1448 1048 1613 1113 votos
1667 1048 1945 1130 Θηβαῖοι
1967 1065 1987 1084 ·
2042 1045 2250 1130 λέγειν

855 1153 964 1214 καὶ
999 1147 1196 1233 μικροὶ
1239 1147 1506 1232 φαγέμεν
1546 1149 1679 1224 τοῖς
1720 1147 2100 1227 Ἀθηναίοις
2145 1147 2329 1231 μέτα.

719 1249 867 1319 Jam
910 1251 1168 1341 reliqua
1192 1296 1213 1332 ‚
1287 1250 1582 1342 exceptis
1626 1250 2009 1318 nominihus
2056 1249 2476 1339 gentilibus,
2541 1247 2688 1314 Boeo·

554 1354 819 1420 tismum
861 1352 1088 1442 paullo
1130 1351 1571 1445 antiquiorem
1614 1364 1908 1420 accurate
1952 1355 2309 1438 referunt3
2375 1364 2575 1418 contra
2604 1351 2689 1415 La·

555 1454 851 1522 cenicam
881 1454 1230 1524 dialectum
1259 1467 1519 1546 praeter
1540 1455 1768 1521 πώνειν
1795 1467 2164 1547 peccarent
2193 1452 2499 1521 infinitivi
2532 1453 2589 1518 iu
2620 1476 2688 1534 μεν

557 1567 900 1624 exeuntes.
1027 1557 1354 1624 Infinitivi
1411 1559 1652 1650 partim
1715 1559 1786 1623 in
1832 1584 1923 1623 ειν
1962 1559 2306 1625 desinunt
2344 1566 2420 1622 ut
2456 1556 2692 1640 θερίδδειν

557 1659 732 1750 apud
796 1660 1310 1750 Aristophanem
1346 1706 1369 1744 ,
1452 1660 1692 1750 partim
1753 1660 1826 1726 in
1887 1685 1997 1744 μεν
2067 1672 2151 1726 nt
2216 1656 2523 1744 κριδδέμεν
2570 1655 2688 1743 apud

557 1760 990 1847 Strattidem3
1077 1764 1471 1848 καρτερεῖμεν
1511 1772 1622 1829 aut
1674 1786 1714 1828 e
1769 1764 2189 1850 καρσερεεᾎιεν
2233 1763 2474 1827 factum
2510 1765 2692 1824 estant
2760 1823 2761 1828 ,

558 1865 1098 1956 conjugationem
1137 1864 1212 1930 in
1252 1891 1324 1948 μι
1365 1864 1690 1957 sequitur.
1807 1865 2078 1933 Censor
2120 1864 2398 1957 quidem
2438 1862 2683 1927 Dar-su·

557 1966 818 2034 diensis
876 1968 1273 2058 vituperavit
1328 1991 1490 2047 nos,
1567 1967 1748 2058 quod
1800 1971 2121 2052 θερίδδειν
2176 1964 2544 2034 Boeoticun
2577 1981 2676 2026 esse

559 2069 1069 2136 credidissemus
1092 2116 1114 2152 ‚
1157 2080 1224 2136 et
1262 2071 1549 2152 θερίδδιν
1593 2071 1872 2138 dialecto
1913 2069 2255 2162 postulari
2298 2061 2674 2158 pronuntinvit.

560 2170 837 2238 Scilicet
877 2195 1012 2237 non
1051 2170 1384 2239 intellexit
1403 2218 1425 2254 ,
1513 2195 1683 2262 quae
1726 2174 1890 2241 satis
1934 2169 2171 2263 aperte
2214 2171 2531 2237 indicasse
2564 2163 2682 2229 vide·

557 2272 792 2339 hamur
814 2320 837 2358 ‚
923 2272 1074 2338 ideo
1128 2272 1514 2340 Bocoticum
1569 2297 1717 2341 esse
1767 2277 2089 2362 θερίδδειν
2106 2325 2132 2355 ,
2225 2273 2405 2364 quod
2443 2268 2684 2334 Doricum

557 2374 1027 2456 (Laconicum)
1083 2387 1259 2446 esset
1311 2378 1639 2456 θερίδδειν.
1766 2375 2002 2448 Boeoti
2054 2376 2244 2444 enim
2289 2374 2682 2465 diphthongum

559 2501 657 2555 es,
705 2500 874 2568 quae
917 2489 1019 2546 est
1057 2478 1132 2545 in
1172 2477 1433 2568 vulgari
1472 2478 1745 2569 lingua,
1803 2504 1936 2546 non
1979 2489 2246 2549 mutant
2288 2479 2359 2544 iu
2402 2504 2427 2542 ι
2462 2472 2558 2541 scd
2589 2491 2681 2535 scr·

558 2590 752 2658 vant,
799 2605 1002 2671 quum
1043 2582 1118 2648 in
1161 2582 1487 2649 severiore
1526 2581 1781 2649 Doride
1823 2609 1863 2661 η
1910 2594 2012 2650 est
2051 2583 2195 2651 vid.
2221 2583 2308 2650 L.
2337 2581 2371 2646 Ι
2408 2573 2677 2669 p.185.-

559 2682 788 2749 Tcrtia
842 2683 1121 2772 pluralis
1176 2684 1512 2772 praeteriti
1562 2686 1899 2775 vulgarem
1956 2684 2482 2753 terminationem
2527 2681 2682 2741 servi!

558 2784 633 2853 in
678 2785 1085 2870 ἕστροτεύαον
1127 2786 1334 2853 Leak.
1377 2812 1482 2853 nr.
1514 2787 1624 2870 37,
1678 2787 1813 2854 nisi
1855 2811 1928 2852 ea
1972 2812 2104 2855 vox
2147 2795 2445 2875 corrupta
2482 2792 2579 2846 eet·

728 2889 926 2979 Pag.
972 2887 1101 2956 210
1156 2912 1271 2954 nr.
1317 2890 1383 2955 3.
1474 2889 1753 2980 Insigne
1797 2891 2172 2979 exemplum
2218 2887 2408 2957 verbi
2446 2873 2681 2950 contracti

561 2991 1097 3081 conjugationem
1152 2990 1226 3056 in
1269 3018 1342 3074 μι
1383 2993 1647 3083 sequuti
1690 3016 1864 3059 nunc
1910 2993 2128 3058 detexi
2173 2993 2245 3059 in
2292 2987 2578 3058 Corinnae
2603 2979 2671 3041 lo·

561 3117 676 3177 co,
724 3117 918 3183 quem
945 3092 1497 3161 Schneidewiuus
1540 3118 1727 3162 meus
1769 3095 1932 3181 milii
1971 3094 2320 3162 indicavit.
2389 3092 2465 3157 In
2493 3076 2675 3152 Scholl·

559 3193 744 3259 vict.
784 3196 985 3261 Hom.
1034 3196 1117 3262 11.
1181 3223 1259 3283 ρ,
1309 3198 1434 3265 197
1475 3198 1559 3264 ad
1602 3221 1827 3266 vocem
1869 3197 2070 3285 γηρᾶς
2109 3201 2276 3265 haec
2318 3193 2673 3261 adnotanturt

561 3297 682 3361 καὶ
730 3293 799 3358 κ’
869 3295 1070 3383 α’ίρινα
1148 3299 1596 3379 (Schneidew.
1658 3300 1971 3383 Κόριννα)
2038 3299 2394 3386 βροντᾶς
2450 3291 2564 3356 ἀντί
2606 3279 2681 3345 τοῦ

561 3394 942 3484 βροντήσας.
1073 3397 1251 3466 Male
1312 3402 1664 3468 scholiasta
1720 3425 1946 3469 vocem
2006 3427 2043 3468 e
2099 3398 2447 3488 βροντήσας
2496 3392 2678 3456 smum

563 3512 790 3591 putat,
837 3509 912 3565 ut
952 3498 1152 3583 γηράς
1197 3525 1236 3566 e
1272 3502 1564 3585 γηράσας
1608 3505 1680 3569 in
1723 3503 1921 3572 breve
1964 3514 2362 3573 contractum
2402 3493 2680 3587 pum-unu

563 3604 787 3695 potius
830 3601 1100 3691 βροντάς
1142 3627 1179 3669 a
1221 3601 1529 3687 βρόνταμι
1572 3605 1940 3673 ducendum
1989 3617 2114 3674 est.

733 3706 922 3794 Pag.
968 3706 1098 3774 210
1161 3707 1208 3773 l.
1258 3707 1362 3773 18.
1458 3705 1658 3773 CenS.
1703 3708 1996 3775 Darmst.
2045 3720 2217 3776 recte
2259 3698 2499 3771 monuit
2532 3688 2682 3770 ”¹¹3⁰

567 3805 949 3888 ἀδωεειμένος
1006 3808 1259 3894 scribi,
1329 3820 1403 3876 ut
1460 3810 1548 3877 sit
1601 3812 1990 3901 perfectum.
2116 3805 2467 3891 Elmslejus
2515 3804 2680 3859 “⁰¹⁰³

566 3909 824 3973 numeri
884 3934 1080 3977 causa
1140 3935 1453 4002 praesens
1512 3911 1891 3995 ἀδικείμενος
1943 3912 2255 4002 praetulit
2277 3958 2299 3994 ‚
2389 3896 2543 3993 quod
2580 3905 2678 3954 ¹¹⁰⁰

564 4021 669 4078 est
709 4033 828 4076 cur
867 4010 951 4077 ab
993 4014 1484 4103 antiquioribus
1530 4015 1799 4082 Boeotis
1839 4015 2309 4102 abjudicemuS.

732 4152 818 4165 --
888 4123 1051 4181 not.
1097 4116 1162 4180 3.
1262 4114 1377 4181 Ad
1423 4114 1775 4183 Aeolicum
1818 4117 2059 4184 idioma
2100 4120 2458 4184 referuntur
2493 4095 2680 4213 fffl‘fffl'

571 4239 689 4281 σαν
711 4264 733 4300 ,
813 4217 1061 4284 ε’ίδοσαν
1127 4228 1194 4283 et
1254 4217 1502 4284 similia
1564 4242 1602 4284 a
1651 4218 2083 4287 Grammatico
2135 4217 2302 4312 apud
2342 4212 2674 4297 peyromum

567 4331 717 4409 post
755 4319 980 4410 Etym.
1027 4319 1261 4387 Orion.
1307 4345 1375 4410 p.
1422 4322 1573 4388 241.
