2875 5000
583 444 643 535 §.
690 445 811 521 43.
904 445 1018 517 De
1056 441 1728 540 praepositionibus.
2102 444 2250 521 353

142 647 444 714 ΒοεσΜιίιιε
488 649 728 724 cursim]
776 670 909 712 non
953 641 1130 713 recte
1174 648 1242 712 in
1277 648 1586 725 συνενείκη
1614 658 1895 716 mutasse
1929 648 2246 726 videatur,
2343 727 2348 730 ,

142 750 265 815 nihil
298 750 652 818 mutandum
696 772 847 815 esse
888 774 1090 839 supra
1133 748 1482 816 docuimus
1526 773 1581 813 s.
1628 774 1693 815 v.
1743 756 1879 814 ἵκω.
1923 784 2009 798 --
2064 752 2244 815 Pers.

145 849 280 938 Suhj.
329 849 635 935 ἐνήνεγμαι
688 850 1071 916 Archimed.
1098 897 1119 934 ,
1199 875 1350 915 nam
1415 875 1597 917 mero
1663 850 2022 940 sphalmate
2076 852 2250 941 apud

145 949 359 1016 eundem
395 951 741 1042 aliquoties
783 950 1364 1040 reduplicationem
1410 952 1623 1020 omitti
1656 975 1851 1043 supra
1878 952 2249 1019 monuimus

143 1054 186 1136 ξ.
218 1053 315 1137 35,
353 1053 412 1119 2.
811 1118 815 1122 ,

261 1157 563 1240 φθαίρω
610 1155 930 1224 Doricum
989 1179 1138 1222 esse
1193 1156 1477 1221 refertur
1537 1177 1661 1244 pro
1705 1160 1951 1240 φθείρω
1995 1156 2130 1222 vid.
2180 1157 2244 1240 ξ.

140 1256 229 1340 22,
265 1256 336 1342 53
377 1257 531 1322 Aor.
582 1256 650 1321 11
693 1281 760 1347 p.
813 1255 1526 1344 καταφθαρείς-ΕΡίοῙι.
1576 1256 1681 1323 19.

258 1357 633 1442 (χάσκω),
693 1359 879 1442 Pers.
931 1360 1161 1446 κε’χανα
1205 1358 1448 1447 Sophr.
1497 1358 1600 1423 51.

254 1460 416 1544 χέω,
458 1458 625 1526 Aor.
677 1459 711 1525 I
752 1462 964 1547 ἐγχέας·
1007 1459 1248 1551 Epieh.
1294 1457 1400 1524 61.

258 1568 474 1627 ΧΡΕ.
565 1561 794 1647 Hujus
852 1559 1077 1650 stirpis
1141 1562 1300 1625 haec
1364 1558 1830 1632 inclinamenta
1890 1563 2101 1630 variae
2164 1566 2249 1630 si·

137 1659 495 1747 gnificationis
538 1662 961 1751 reperiuntur
985 1692 1003 1727 ε

259 1761 308 1843 a)
383 1764 543 1851 χρή,
616 1775 1000 1855 oportet,
1066 1787 1257 1853 quam
1302 1783 1528 1829 vocem
1575 1760 1657 1826 ab
1701 1760 1891 1827 initio
1933 1786 2064 1827 non
2108 1790 2251 1832 ver-

94 1907 95 1912 1
135 1860 247 1929 bum
278 1890 440 1946 esse,
502 1866 627 1934 sed
669 1866 1190 1948 substantivum,
1259 1864 1415 1930 olim
1462 1862 1804 1930 docuimus
1846 1863 1917 1929 in
1961 1862 2121 1931 diss.
2171 1867 2251 1932 de

134 1964 260 2050 conj.
298 1966 361 2031 in
403 1994 467 2048 μι
520 1994 595 2059 Ρ.
642 1968 768 2049 2,8
833 1967 1082 2057 legitur
1121 1964 1971 2056 Epich.122.131.133,
2037 1990 2251 2057 neque

133 2063 284 2131 ulluiu
322 2068 489 2135 aliud
539 2070 690 2157 ejus
737 2069 1297 2136 inclinamentum.

252 2165 316 2251 b)
392 2175 657 2257 χρῆσθα
699 2170 988 2237 Acheru.
1025 2157 1153 2238 m
1191 2194 1313 2260 pro
1355 2166 1609 2258 χρῄζεις
1647 2141 1891 2236 dictum
1937 2193 2124 2253 esse,
2169 2172 2251 2237 de

133 2289 223 2354 quo
267 2291 478 2338 vocum
531 2276 699 2361 χρῆς
756 2284 820 2338 et
875 2277 1003 2362 χρῇ
1058 2296 1182 2337 usu
1238 2270 1627 2337 Dindorfius
1685 2271 1854 2336 dixit
1906 2272 1988 2336 ad
2041 2271 2245 2362 Sopb.

132 2367 305 2459 Antig.
348 2374 501 2458 887,
551 2374 926 2440 rectissime
972 2374 1303 2464 Bergkius
1347 2371 1678 2437 intellexit
1719 2372 1854 2438 vid.
1902 2376 2135 2459 §.24,
2185 2378 2246 2441 1.

134 2466 322 2541 Eodem
359 2501 558 2544 sensu
602 2474 817 2564 χρῄζω
859 2477 966 2545 vel
1008 2475 1222 2569 χρηίζω
1268 2484 1625 2564 usurpatur
1665 2474 1793 2540 vid.
1841 2468 1904 2563 §.
1951 2476 2071 2559 22,
2119 2478 2182 2543 7.

250 2572 307 2663 e)
384 2604 421 2663 χ
442 2582 536 2662 ρῆ
554 2587 797 2656 σθαι,
849 2579 994 2661 uti,
1041 2579 1112 2644 in
1145 2578 1249 2644 his
1281 2576 1514 2643 formis
1541 2577 1895 2668 reperitur.
1945 2577 2245 2667 Imperat.

131 2673 364 2753 χρήσθων
406 2681 609 2746 Cret.
618 2679 846 2761 2556,
893 2679 979 2745 65
1040 2691 1104 2745 et
1150 2681 1627 2765 καταχρείσθων
1670 2677 1887 2743 Rhod.
1933 2678 2128 2760 2525,
2155 2679 2243 2743 b.

128 2770 213 2859 863
260 2779 376 2845 qu.
420 2785 717 2868 χρῆσθαι
762 2726 1029 2847 H’erael.
1081 2778 1186 2858 Il,
1232 2781 1365 2864 663
1420 2778 1666 2844 Partic.
1695 2778 2021 2864 ,χρήμενος
2064 2780 2244 2846 Cret.

126 2874 285 2962 2554,
323 2883 424 2949 61.
511 2882 726 2949 Vides
789 2881 1016 2947 ultima
1070 2883 1280 2946 forma
1339 2890 1648 2968 excepta,
1716 2899 1884 2970 quae
1943 2880 2012 2944 in
2055 2881 2247 2949 titulo

127 2982 549 3069 corruptissimo
596 3007 838 3073 parum
894 2974 1077 3048 fidei
1104 2976 1342 3063 babet,
1406 2982 1692 3070 reliquas
1748 3007 1786 3048 a
1841 3007 2103 3067 χρεομαι
2160 2982 2248 3047 ita

123 3076 495 3167 descendere,
544 3096 620 3150 ut
667 3083 956 3151 severior
984 3082 1190 3149 Doris
1236 3108 1293 3147 εε
1334 3083 1407 3147 in
1447 3111 1483 3160 η
1530 3083 1982 3169 conjunxerit,
2027 3084 2250 3149 mitior

123 3174 175 3241 in
209 3205 277 3262 ει,
317 3189 401 3252 ef,
447 3187 512 3271 ξ
564 3184 687 3269 38,
733 3186 798 3253 4.
850 3222 932 3233 --
994 3185 1163 3252 Aor.
1211 3185 1244 3249 Ι
1286 3209 1354 3273 p.
1403 3183 1845 3268 κατεχρῆσθηυ
1886 3186 1935 3250 i.
1984 3209 2045 3251 e.
2094 3210 2244 3252 usu

121 3286 380 3353 confici
420 3289 577 3378 plus
622 3286 828 3353 semel
873 3285 1192 3373 repetitur
1232 3285 1304 3349 in
1353 3284 1624 3373 Col-cyr.
1676 3286 1865 3354 1845.

245 3387 307 3468 d)
388 3390 716 3475 ἇποχρεω,
768 3386 1168 3469 sufficio,
1213 3387 1454 3477 Epieh.
1494 3388 1641 3454 114.

241 3488 536 3557 Derivata
579 3491 779 3578 hujus
816 3489 1055 3557 radicis
1099 3488 1171 3553 in
1215 3487 1504 3578 genuina
1546 3486 1799 3554 Doride
1842 3516 1880 3568 η
1924 3489 2096 3555 tueri
2139 3511 2246 3554 su-

123 3603 198 3668 pra
233 3589 561 3660 docuimus
603 3594 667 3677 §.
716 3591 843 3674 19,
892 3591 955 3659 3.

1032 3810 1099 3892 ξ.
1153 3810 1259 3876 43.

721 3964 844 4018 lle
884 3961 1587 4031 praepo-moninus.

241 4109 307 4196 1)
393 4113 487 4181 Ut
529 4113 598 4180 in
626 4094 923 4205 Aeolicis
968 4109 1303 4188 dialectis,
1340 4109 1430 4175 ita
1476 4108 1547 4174 in
1588 4106 1956 4199 antiquiore
1993 4108 2246 4176 Doride

109 4223 394 4302 apocopen
440 4217 777 4304 patiuntur
816 4212 1334 4304 praepositiones
1374 4210 1587 4295 παρά,
1656 4208 1812 4284 ἀνά,
1860 4210 2054 4289 κατά,
2114 4233 2245 4300 quo

110 4312 329 4379 aceedit»
357 4316 678 4385 Doricum
731 4318 880 4391 ποῑί
928 4339 1049 4405 pro
1101 4313 1286 4400 πρός.
1395 4313 1690 4380 Primum
1743 4311 1973 4378 titulos
2024 4312 2245 4417 perlu-

159 4435 236 4502 ΙΙ.
1457 4436 1470 4441 ’
1761 4439 1846 4504 23
