2875 5000
573 452 724 530 516
1173 445 1518 525 Addenda
1568 461 1643 520 et
1693 444 2170 547 Corrigenda.

736 659 928 749 Peg.
979 657 1106 725 168
1162 658 1212 723 l.
1258 655 1380 722 21.
1486 652 1764 720 Accedit
1829 657 2275 717 ILEPMEIA
2348 650 2434 715 ,in
2500 649 2787 742 antiquo

575 760 769 829 titulo
814 757 1224 826 Coroneensi
1269 754 1520 823 inedito
1541 801 1563 839 ,
1628 777 1826 845 quem
1866 753 2004 821 vidi
2048 752 2224 844 apud
2269 750 2739 821 Boeekhium.

739 879 844 947 Pa
864 905 931 969 g.
980 878 1103 946 169
1145 876 1344 942 infr.
1434 852 1683 940 FAlroeu
1740 875 1813 940 in
1870 872 2092 964 lapide
2136 895 2289 940 esse
2337 883 2629 940 testatur
2670 872 2789 940 Ul-

579 981 868 1051 richsius
910 1005 978 1072 p.
1023 979 1175 1048 230.

744 1109 938 1197 Pag.
986 1105 1132 1173 170.
1223 1101 1442 1169 Voces
1484 1102 1810 1219 ‹ligamma
1860 1103 2217 1170 instructae
2280 1128 2323 1170 e
2385 1105 2580 1170 novis
2629 1105 2778 1170 fon-

573 1229 756 1296 tibus
795 1226 1115 1294 accedunt
1157 1224 1280 1289 hae
1308 1251 1326 1287 ε
1386 1230 1681 1288 ΓΑσκων
1722 1222 1927 1289 Leak.
1976 1248 2080 1289 nr.
2129 1223 2261 1307 333
2324 1231 2462 1289 FA
2481 1211 2786 1299 στὶνίος
2858 1287 2860 1298 ‚

579 1333 764 1398 Curt.
813 1351 916 1392 nr.
964 1326 1046 1410 8,
1092 1336 1158 1391 et
1197 1322 1955 1406 ΓΑστυμειδόντιος
1995 1326 2142 1392 Ulr.
2195 1351 2264 1416 p.
2290 1326 2473 1410 247,
2543 1340 2775 1392 utrum-

578 1455 707 1522 que
759 1426 1280 1520 patronymicum
1336 1439 1403 1492 et
1455 1426 1539 1491 ad
1591 1426 1806 1490 Fo'cotv
1862 1426 2245 1515 pertinens;
2333 1430 2775 1509 Ρίστορες,
2858 1507 2859 1522 ἶ

576 1534 623 1599 i.
671 1557 732 1599 c.
779 1530 1085 1599 arbitri
1142 1540 1217 1596 ut
1259 1527 1433 1619 apud
1476 1527 1887 1612 Homerum,
1972 1528 2382 1595 restituimus
2427 1529 2515 1595 in
2563 1529 2783 1594 Leakii
2858 1541 2859 1612 ᾖ

575 1634 768 1702 titulo
812 1630 1255 1699 orchomenio
1297 1656 1398 1696 nr.
1432 1630 1518 1697 37
1556 1630 1608 1696 l.
1636 1632 1719 1698 12
1756 1654 1879 1719 pro
1922 1637 2331 1697 ΕΙΣΓΟΡΕ
2374 1634 2452 1696 ἰιι
2501 1642 2782 1697 extremo
2858 1619 2859 1694 ¹

575 1761 810 1821 versu,
856 1758 1053 1825 quum
1098 1733 1516 1823 magistratus
1556 1743 1668 1798 aut
1707 1732 2003 1799 muneris
2046 1733 2407 1824 appellatio
2456 1733 2778 1798 desidere-

579 1851 731 1923 tur,
787 1848 863 1903 ut
909 1835 1239 1911 σούνδικος
1291 1836 1344 1901 l.
1387 1836 1475 1927 95
1562 1835 2171 1923 Γιλαρχιόρτων
2214 1859 2367 1901 cum
2414 1835 2680 1901 Leakio
2714 1833 2778 1900 Il

577 1966 680 2008 nr.
725 1941 806 2008 31
878 1962 1000 2029 pro
1059 1936 1491 2024 εἷλαρχιόντων
1553 1960 1656 2001 nr.
1707 1936 1874 2004 1588
1942 1937 2431 2004 restituendum
2499 1950 2611 2004 est
2674 1938 2781 2020 (de

578 2041 761 2109 vocis
825 2043 950 2121 εἵλη
1016 2040 1337 2131 digamma
1402 2039 1491 2103 cf.
1561 2036 1994 2105 Tarentinum
2058 2040 2528 2127 βειλαρμόπας
2580 2040 2666 2105 L.
2709 2040 2782 2105 11

627 2193 643 2209 .
690 2142 734 2209 9
818 2144 861 2209 4
898 2190 915 2207 .

579 2147 620 2227 ξ
745 2139 931 2360 1).)3.
981 2268 1103 2335 171
1177 2292 1292 2336 nr.
1340 2270 1406 2335 2.
1498 2268 1912 2348 ἘπιΓᾶλτεις
1981 2271 2053 2338 ἰιι
2109 2271 2303 2340 titulo
2356 2267 2579 2337 Ptoio
2639 2269 2777 2338 mr.
2860 2299 2861 2338 ι

578 2395 644 2462 p.
693 2372 863 2459 2473
949 2370 1129 2439 vocis
1169 2383 1386 2438 tamen
1428 2371 1629 2440 lectio
1669 2372 1984 2443 incertior
2021 2398 2171 2442 esse
2211 2373 2489 2439 dicitur.

751 2501 937 2590 Pag.
986 2499 1111 2569 172
1166 2499 1216 2565 l.
1252 2501 1314 2566 5.
1404 2498 1557 2565 Non
1604 2499 1870 2579 dubito,
1938 2499 2101 2592 quin
2145 2500 2383 2568 Boeoti
2437 2501 2653 2585 πέμπε
2693 2501 2784 2567 di·

579 2601 794 2669 xer-int
811 2649 832 2684 ,
877 2626 1249 2693 quanquam
1296 2599 1620 2668 δεκάπεντε
1660 2626 1698 2669 ι
1740 2602 1991 2669 Leakio
2035 2604 2275 2671 lectum
2322 2614 2429 2669 est
2471 2603 2557 2669 in
2594 2603 2790 2670 titulo

580 2704 1076 2795 corruptissimo
1120 2702 1648 2777 Lebadeensijl
1689 2729 1794 2772 nr.
1837 2706 1923 2775 32
1965 2704 2078 2787 (C.
2123 2704 2180 2769 l.
2228 2704 2393 2771 1571
2440 2705 2497 2770 l.
2534 2707 2679 2788 14).

748 2873 831 2885 --
905 2832 954 2896 l.
1004 2833 1087 2899 19
1147 2832 1494 2919 γλάχων,
1582 2846 1655 2901 ut
1708 2828 1789 2900 iu
1831 2835 1984 2901 aliis
2030 2833 2327 2902 dialectis
2382 2857 2510 2923 pro
2558 2833 2793 2909 Attico

579 2932 826 3021 βλήχων
866 2942 969 3000 est
1007 2932 1302 3001 Acheru.
1343 2937 1499 3003 840.

750 3101 830 3113 -
907 3060 957 3127 l.
1006 3062 1089 3129 21
1142 3062 1495 3146 Ἐρμάὶὸεος
1555 3089 1655 3130 nr.
1705 3064 1872 3131 1593
1929 3064 1998 3129 in
2042 3064 2262 3154 lapide
2309 3088 2462 3132 esse
2502 3066 2797 3159 affirmat

584 3162 856 3228 Curtius
895 3162 948 3228 l.
991 3164 1040 3230 l.
1087 3189 1155 3256 p.
1191 3166 1319 3235 108
1339 3215 1361 3243 ,
1429 3189 1645 3255 neque
1686 3176 1903 3232 tamen
1945 3166 2095 3232 ideo
2135 3191 2364 3233 verum
2412 3167 2794 3234 existimari

581 3272 798 3352 potest
819 3314 841 3339 ‚
897 3264 1021 3330 scd
1058 3266 1340 3358 lapicida
1383 3267 1644 3335 erravit.
1752 3266 2000 3337 Confer
2041 3268 2217 3361 quod
2262 3268 2348 3338 de
2386 3293 2473 3338 eo
2512 3272 2795 3338 nomine

583 3386 778 3453 supra
821 3363 1107 3431 diximus
1148 3367 1234 3432 ad
1273 3393 1338 3458 p.
1387 3371 1452 3436 7.

749 3490 946 3579 Pag.
996 3490 1121 3557 173
1176 3491 1286 3557 in.
1375 3496 1719 3563 Lucianus
1759 3496 1921 3564 Jud.
1967 3497 2232 3566 Vocall.
2288 3522 2349 3566 c.
2395 3501 2445 3567 7
2501 3525 2641 3591 per
2687 3505 2795 3593 jo·

583 3616 731 3660 eum
775 3591 859 3658 ad
901 3591 1370 3683 Lysimachum
1413 3598 1733 3664 comicum
1778 3599 2090 3666 Βοιώτιον
2130 3599 2200 3667 τὸ
2243 3602 2422 3686 γένος
2468 3600 2800 3672 ἀνέκαθεν

580 3706 847 3762 revocat
902 3723 939 3760 τ
979 3720 1113 3787 pro
1161 3722 1200 3763 σ
1256 3710 1322 3764 et
1359 3725 1429 3763 ττ
1480 3723 1602 3789 pro
1648 3726 1730 3768 σσ
1784 3702 2224 3794 pronuntiata.
2362 3703 2804 3774 Contrarium

580 3798 1006 3866 mutationem
1048 3799 1274 3867 statuit
1313 3801 1689 3870 Ulrichsius
1731 3804 1764 3870 1
1805 3829 1873 3894 p.
1912 3806 2077 3884 174,
2141 3805 2259 3897 qui
2302 3826 2456 3872 cum
2497 3807 2802 3876 fluvium

586 3903 957 3981 Προβατίαν
1009 3925 1217 3993 prope
1270 3902 1644 3972 Lebadeam
1699 3931 1737 3971 a
1788 3906 2248 3998 Theophrasto
2270 3908 2485 3999 fflist.
2547 3909 2800 3978 Plant.
2862 3916 2863 3989 W

579 3998 707 4085 lv,
751 4001 830 4066 11
894 4025 966 4092 p.
1012 4003 1137 4071 157
1197 4003 1400 4071 Schn.
1448 4020 2016 4076 commemoratum
2063 4033 2199 4076 non
2224 4010 2590 4079 diversum
2636 4037 2803 4081 esse
2862 4014 2863 4031 ἦ

579 4126 619 4168 a
665 4104 1012 4186 Προβασία
1070 4101 1149 4171 C.
1198 4106 1255 4170 Ι.
1315 4131 1418 4173 nr.
1470 4109 1675 4193 1569,
1718 4134 1756 4175 c
1799 4111 1967 4178 bene
2009 4111 2490 4196 intellexisset,
2570 4114 2801 4189 (idem

578 4201 807 4270 eodem
847 4215 1137 4291 tempore
1179 4204 1346 4274 vidit
1385 4208 1645 4276 Keilius
1686 4211 1879 4301 Spec.
1931 4213 2236 4283 Onomat.
2283 4240 2349 4305 p.
2393 4216 2546 4296 112)
2610 4219 2800 4284 hane
2862 4238 2864 4249 '

577 4304 848 4373 formam
917 4304 1266 4375 Boeoticae
1335 4309 1613 4382 dialecto
1682 4315 2015 4406 propriam
2085 4317 2396 4386 vindicat.
2523 4316 2605 4387 N
2604 4343 2694 4388 os
2758 4343 2799 4388 e
