2875 5000
526 476 680 553 230
1030 465 1039 470 ’
1238 453 1254 470 ’
1291 474 1405 545 De
1456 465 1954 543 declinatione.

531 685 728 751 vavit.
778 677 1197 770 ·Epicharmi
1240 679 1604 766 fragmenta
1647 675 1829 743 illam
1895 673 2100 741 solam
2165 673 2447 739 offerunt
2469 717 2493 755 ‚
2559 671 2645 735 fr.
2686 670 2727 736 9

533 787 812 868 ῥίνεσσι,
905 781 1032 848 156
1100 779 1666 866 γυναικάνδρεσσι,
1759 776 1933 866 apud
2000 774 2410 866 Sophronem
2493 773 2582 837 fr.
2650 773 2729 839 99

530 897 633 956 est
694 882 1301 972 τρηματιζόντεσσις
1386 882 1562 970 apud
1640 879 2108 948 Archimedem
2182 877 2452 967 longior
2527 876 2729 941 forma

529 987 828 1055 breviore
889 985 1297 1075 frequentior
1352 995 1493 1067 est,
1576 995 1650 1047 ut
1708 982 1790 1047 de
1848 979 2004 1046 Hel.
2072 1005 2139 1070 p.
2200 979 2328 1046 217
2394 977 2731 1060 κομισθέν-

530 1115 747 1167 τεσσι,
817 1114 882 1179 Ρ.
940 1087 1071 1155 220
1126 1084 1647 1168 διαστημάτεσσιν
1714 1082 1925 1169 (unde
1987 1082 2282 1171 corrigas
2343 1079 2730 1160 διαστήμασ-

536 1217 635 1258 σιν
692 1216 763 1282 Ρ.
809 1190 961 1259 253.
1006 1189 1203 1270 254),
1280 1189 1492 1253 Aren.
1551 1212 1616 1276 p.
1663 1186 1785 1252 331
1851 1183 2446 1263 κεκοινωνηκότεσσι
2510 1194 2579 1248 et
2634 1206 2734 1262 με·

531 1291 1093 1376 ταλελαβηκότεσσι
1142 1301 1268 1355 etc.
1380 1288 1585 1378 Apud
1641 1286 2100 1376 Thucydidem
2157 1286 2249 1368 V,
2306 1286 2395 1352 79
2451 1286 2734 1349 πολίεσσι

533 1407 636 1464 est
674 1396 745 1461 in
789 1392 986 1461 honis
1028 1392 1261 1470 libris,
1307 1391 1487 1456 unde
1528 1391 1821 1482 corrigas
1864 1392 2104 1454 πολίεσι
2124 1387 2213 1465 V,
2236 1387 2344 1453 77.
2437 1386 2733 1453 Pseudo·

534 1495 1250 1586 Pythagorei‘eandem
1312 1495 1587 1560 formam
1644 1493 2108 1583 frequentant,
2179 1501 2249 1554 ut
2290 1491 2631 1578 Archytas
2674 1490 2732 1552 in

537 1599 724 1670 Stob.
790 1598 1027 1666 Elui-il.
1084 1598 1158 1682 Ι,
1201 1597 1309 1663 74.
1371 1596 1457 1665 79
1518 1594 1852 1676 πάντεσσι,
1922 1593 2065 1676 III,
2124 1593 2208 1659 76
2262 1592 2734 1678 μαθημάτεσσι,

539 1699 1050 1790 ἆκροαμάτεσσι,
1118 1699 1588 1787 πραγμάτεσσιν
1649 1707 1775 1765 etc.
1885 1695 2082 1762 Haud
2144 1720 2290 1761 raro
2352 1696 2638 1762 alterum
2706 1721 2739 1760 σ

537 1804 856 1871 omissum
900 1813 1037 1881 cst,
1082 1816 1157 1869 nt
1196 1800 1569 1885 παρεόντεσι
1611 1798 1830 1883 CXV,
1874 1800 2000 1883 27,
2045 1797 2431 1886 θρεμμάτεσι
2478 1798 2737 1882 XLVI,

536 1908 616 1974 61
653 1918 778 1973 etc.
802 1953 824 1987 ‚
869 1929 1038 1996 quae
1082 1928 1216 1970 non
1247 1903 1472 1969 minus
1515 1903 1681 1968 falsa
1724 1913 1878 1969 sunt
1921 1925 2116 1993 quam
2154 1899 2562 1982 μαθημάτεσι
2612 1901 2732 1985 111,

537 2005 662 2093 76,
728 2007 837 2074 cui
881 2031 1055 2073 nnnc
1097 2030 1135 2073 e
1179 2006 1321 2072 cod.
1368 2007 1433 2070 A
1479 2006 1751 2072 alterum
1799 2030 1839 2069 σ
1879 2003 2176 2072 accessit.
2291 2003 2503 2070 Recte
2546 2004 2736 2070 etiam

539 2110 781 2177 πολίεσι
822 2110 1022 2175 Pind.
1075 2109 1274 2197 Pyth.
1321 2107 1499 2190 vll,
1541 2107 1585 2174 9
1626 2130 1665 2172 a
1706 2106 2042 2174 Bocchhio
2086 2106 2458 2172 damnatum
2509 2120 2637 2173 est.

707 2213 789 2277 In
849 2209 1096 2277 tabulis
1161 2207 1722 2278 Heracleensihus
1785 2207 2155 2277 terminatio
2230 2205 2535 2297 ασσι(ν)
2606 2210 2743 2276 sola
2843 2261 2844 2304 ᾧ

541 2313 900 2403 reperitur:
947 2313 1234 2378 ἕντασσιν
1273 2311 1348 2397 Ι,
1394 2311 1480 2379 56
1521 2335 1641 2402 pro
1690 2306 1869 2388 οὖσι,
1915 2309 2423 2397 ὑπαρχόντασσιν
2463 2312 2542 2396 Ι,
2592 2312 2742 2390 127,

539 2414 1020 2501 πρασσόντασσι
1063 2416 1139 2501 Ι,
1187 2415 1351 2505 110,
1415 2415 1788 2481 ποιόντασσι
1826 2413 1903 2498 Ι,
1948 2415 1993 2481 2
2055 2414 2164 2498 (de
2224 2441 2261 2477 ν
2318 2416 2529 2496 ἔφελκ.
2593 2416 2745 2481 vide

541 2523 606 2606 ξ.
655 2519 779 2605 10,
826 2516 965 2605 12).
1030 2560 1114 2570 -
1196 2518 1346 2586 Jam
1405 2517 1650 2605 igitur,
1719 2540 1925 2606 quum
1986 2515 2056 2582 in
2112 2516 2328 2584 titulis
2370 2517 2749 2587 Alexandri

541 2633 813 2688 aetatem
857 2620 1317 2710 superantibus
1363 2621 1506 2687 sola
1545 2619 1813 2709 longior
1853 2620 2226 2686 terminatio
2273 2643 2429 2683 ασσι
2460 2621 2570 2686 vel
2605 2646 2748 2686 εσσι
2841 2674 2842 2695 ,

542 2723 1202 2814 reperiatur‚.neque
1248 2721 1439 2788 aliter
1480 2722 1655 2811 apud
1687 2721 2195 2811 Epicharmum,
2241 2722 2542 2788 dubitare
2588 2723 2750 2791 licet

543 2850 624 2891 an
688 2823 950 2894 brevior
1005 2824 1375 2890 terminatio
1437 2849 1504 2888 σι
1567 2823 1933 2890 recentiore
1993 2824 2252 2889 demum
2313 2834 2613 2916 tempore
2677 2827 2747 2892 iu

541 2926 862 2994 Doridem
927 2926 1182 2996 invecta
1240 2939 1306 2992 et
1344 2927 1558 3012 χερσίν
1599 2927 1770 3017 apud
1816 2925 2226 3017 Sophronem
2269 2951 2389 3017 pro
2434 2942 2749 3019 corrupto
2839 3002 2840 3005 ,

543 3029 911 3096 habendum
972 3028 1080 3094 sit.
1196 3029 1329 3096 Sed
1390 3052 1594 3119 quum
1653 3043 1926 3118 utraque
1982 3029 2355 3095 terminatio
2390 3031 2534 3117 jam
2579 3033 2747 3113 anti-
2839 3010 2840 3079 ἕ

545 3131 891 3221 quissimis
933 3130 1338 3220 temporibus
1382 3131 1557 3221 apud
1587 3131 1871 3197 Graecos
1913 3130 1984 3196 in
2030 3156 2152 3198 usu
2192 3134 2394 3199 fuerit
2436 3145 2502 3198 et
2539 3157 2748 3225 quum

512 3232 793 3298 -Aeoles
838 3255 1100 3322 quoque
1144 3243 1416 3323 utraque
1462 3234 1693 3300 eodem
1735 3246 2024 3323 tempore
2069 3234 2175 3298 usi
2222 3237 2391 3316 sint,
2433 3235 2570 3302 vid.
2596 3236 2684 3301 L.
2709 3235 2745 3300 Ι

545 3332 611 3416 ξ.
656 3334 765 3410 23,
811 3333 897 3417 3,
943 3334 1301 3424 quidquam
1345 3337 1667 3412 affirmare
1704 3359 1836 3400 non
1882 3335 2223 3402 audemus.

715 3436 1059 3501 Postremo
1105 3437 1175 3503 in
1220 3436 1413 3502 titulo
1458 3437 1786 3527 Delphico
1830 3461 1933 3502 nr.
1982 3439 2188 3523 1693,
2255 3439 2414 3505 1.3.
2461 3440 2506 3506 7
2567 3454 2636 3506 et
2677 3443 2743 3508 iu

496 3540 502 3544 ”
548 3537 893 3605 simillimo
931 3537 1164 3604 Rossii
1206 3560 1308 3603 nr.
1342 3539 1455 3622 67,
1495 3540 1545 3606 l.
1596 3540 1699 3605 13.
1746 3538 1831 3605 25
1873 3539 2188 3629 leguntur
2231 3541 2435 3608 dativi
2481 3542 2747 3625 ἀγῶνοις

547 3654 682 3706 ete
656 3638 1184 3725 ε’ντυγχανόντοις,
1251 3640 1321 3706 in
1365 3640 1496 3707 alio
1537 3640 1907 3731 Delphico,
1972 3656 2188 3732 quem·
2216 3642 2430 3711 edidit
2467 3643 2744 3713 Curtius

548 3742 728 3808 Mus.
773 3743 992 3809 Rhen.
1040 3742 1213 3809 Nov.
1274 3743 1339 3808 Il
1395 3768 1464 3832 Ρ.
1516 3743 1639 3812 114
1680 3744 1993 3826 Λαμιεόις
2032 3769 2154 3835 pro
2198 3752 2571 3829 Λαμιεῦσι,
2602 3755 2744 3814 Λα-

548 3845 828 3924 μιέεσσι,
878 3855 943 3912 et
983 3844 1055 3910 in
1099 3844 1490 3910 Aetolorum
1538 3845 1620 3910 ad
1660 3846 1963 3913 Milesios
2008 3846 2325 3937 epistola,
2373 3849 2575 3935 cujus
2619 3851 2739 3917 ini-

550 3945 713 4011 tium
772 3947 1057 4013 servavit
1082 3926 1606 4051 Aristophanes
1676 3948 2135 4037 grammaticus
2201 3951 2375 4040 apud
2439 3952 2738 4019 Eustath.

551 4071 621 4137 Ρ.
667 4048 841 4130 279,
888 4048 1009 4132 40,
1072 4036 1425 4133 γερόντοις,
1486 4059 1816 4139 postremo
1858 4050 2260 4132 παθημάτοις
2303 4053 2377 4119 in
2421 4078 2619 4121 versu
2665 4054 2741 4120 ab

551 4149 780 4216 eodem
823 4150 1264 4240 Aristophane
1303 4150 1535 4235 aliato,
1597 4174 1792 4239 quem
1838 4154 2078 4220 comici
2121 4154 2470 4241 cujusdam
2513 4164 2743 4247 poetae

551 4277 696 4318 esse
753 4251 1079 4317 hominem
1123 4253 1436 4318 Aetolum
1499 4253 1875 4320 inducentis
1932 4254 2312 4324 Meinekius
2369 4260 2745 4351 suspicatus

550 4364 649 4418 est
699 4353 952 4418 Comm.
1016 4353 1113 4419 lv
1174 4381 1242 4444 p.
1287 4355 1436 4422 626.
1552 4353 1700 4422 Jam
1767 4358 2024 4446 egimus
2087 4361 2172 4427 de
2235 4361 2564 4449 singulari
2635 4361 2740 4428 illa
