2875 5000
791 409 853 500 §.
902 408 1020 486 23.
1124 412 1237 483 De
1279 408 2292 493 diaeresi.193

42 595 286 697 quod
329 607 698 692 Pindarum
756 636 794 678 e
844 611 1100 679 Doride
1155 611 1419 680 duxisse
1476 623 1745 679 testatur
1779 613 2162 684 Eustathius
2221 640 2290 709 Ρ.

42 801 45 818 ἶ
123 709 218 775 20.
303 709 663 778 Diaeresin
705 714 974 798 ἕῦμαρεα
1015 713 1410 803 Epicharmo
1452 716 1898 782 concessimus
1942 716 2026 782 fr.
2072 718 2176 784 23.

42 909 43 912 ¹
276 835 347 915 2)
435 836 842 926 Plerumque
897 838 1209 906 diaeresis
1265 841 1449 907 notio
1507 839 1701 906 etiam
1750 841 1947 907 latius
2009 843 2299 909 extendi-

42 927 45 980 ἶ
130 945 257 1020 tur,
321 947 396 1001 ut
438 938 665 1006 omnia
705 941 1246 1027 comprehendat,
1324 966 1787 1033 quaecunque,
1856 967 2053 1032 quum
2096 945 2299 1034 vulgo

42 1087 45 1090 n
127 1038 617 1123 contrahantur,
680 1041 752 1106 in
812 1042 1110 1108 dialectis
1175 1044 1434 1110 vocales
1497 1068 1632 1109 non
1689 1046 2070 1130 conjunctas
2113 1047 2300 1112 exhi-

42 1213 45 1216 ,
126 1138 291 1204 hent.
396 1140 731 1232 Pleraque
775 1146 917 1231 ejus
961 1144 1263 1233 generis,
1320 1169 1488 1234 quae
1528 1144 1599 1210 in
1645 1146 2007 1236 antiquiore
2050 1146 2301 1211 Doride

42 1321 43 1340 Χ
124 1241 569 1330 reperiuntur,
652 1243 825 1309 infra
896 1246 1453 1312 commemoranda
1522 1246 1823 1313 ducimus
1848 1294 1869 1331 ,
1956 1271 2155 1336 quum
2221 1247 2302 1313 dc

123 1344 595 1429 contractione,
665 1347 746 1410 de
791 1346 1223 1413 declinatione
1265 1360 1331 1414 et
1373 1348 1455 1414 de
1499 1349 1961 1440 conjugatione
2003 1373 2297 1438 agemus.

120 1443 299 1510 Nune
345 1446 562 1511 varias
604 1447 926 1513 vocalium
969 1449 1503 1534 conjunctiones,
1570 1457 1735 1540 quae
1793 1452 1994 1542 vulgo
2051 1461 2302 1516 contra-

121 1546 389 1622 ctionem
435 1549 776 1636 postulant
800 1595 822 1631 ,
885 1550 1359 1637 perlustrantes
1401 1550 1646 1637 -paueis
1689 1549 2129 1617 indicabimus
2153 1598 2173 1634 ,
2244 1552 2303 1617 si

121 1671 274 1735 quae
315 1648 496 1738 apud
538 1648 902 1746 Dorienses
945 1675 1075 1717 non
1120 1653 1652 1722 contrahantura.

282 1801 398 1856 αε,
451 1801 618 1856 au,
667 1806 798 1856 αη,
849 1806 938 1867 αῃ
985 1780 1056 1844 ἰιι
1102 1778 1571 1868 conjugatione
1612 1801 1945 1869 nunquam
1982 1805 2109 1848 non
2149 1806 2302 1848 con·

120 1879 495 1963 trahuntur,
560 1878 698 1946 vid.
749 1885 812 1965 ξ.
857 1883 966 1949 24.
1075 1880 1225 1945 Νοιι
1273 1881 1651 1947 coalescunt
1693 1881 1954 1947 vocales
1998 1882 2068 1946 in
2117 1886 2304 1948 δαε-

117 1978 276 2058 Mc,
349 2004 489 2070 quo
533 1979 835 2071 Sophron
881 1980 1238 2048 secundnm
1282 1981 1392 2047 Et.
1442 1982 1539 2047 Μ.
1585 1982 1748 2065 246,
1794 1982 1877 2049 35
1936 2007 2058 2072 pro
2117 1985 2303 2060 ὁαλός

42 2105 43 2116 ’
119 2106 269 2147 usus
310 2095 460 2167 est,
511 2094 578 2150 et
622 2082 891 2160 ἀείδω,
965 2095 1038 2147 ut
1079 2082 1363 2172 Lysistr.
1415 2085 1620 2166 1243,
1690 2108 1857 2175 qnae
1899 2108 2093 2150 voces
2140 2086 2303 2150 anti-

119 2184 331 2272 quitus
380 2184 707 2274 digamma
750 2185 1166 2251 intersertum
1210 2185 1559 2253 habebant.

282 2338 416 2390 αο,
488 2338 658 2397 aot,
726 2338 911 2390 αου,
975 2338 1080 2376 am
1138 2314 1208 2378 in
1253 2291 1689 2379 declinatione
1732 2324 1797 2404 et
1840 2315 2305 2405 conjugatione

42 2423 43 2496 3
122 2438 378 2506 semper
419 2416 832 2499 coalescunt,
877 2415 1264 2507 plerumque
1308 2414 1375 2480 in
1418 2415 1736 2504 reliquis,
1783 2416 1916 2482 vid.
1966 2417 2030 2501 ξ.
2074 2420 2181 2484 24.

281 2567 372 2607 aa
430 2544 503 2609 in
550 2541 983 2608 declinatione
1026 2540 1211 2607 tertia
1258 2541 1452 2607 modo
1498 2542 2005 2608 contractionem
2046 2546 2301 2632 patiun-

125 2656 260 2729 tur,
305 2645 506 2721 modo
547 2667 681 2708 non
727 2643 1140 2726 coalescunt,
1185 2642 1322 2709 vid.
1355 2642 1419 2725 ἓ.
1446 2643 1552 2710 30.
1640 2642 1790 2709 Νοιι
1838 2639 2308 2714 contrahuntur¹

42 2762 43 2777 ³
126 2748 383 2813 nomina
426 2747 500 2810 in
545 2770 616 2809 εα
661 2744 1065 2826 desinentia,
1123 2755 1193 2808 nt
1237 2747 1441 2826 φακεά
1485 2744 1723 2836 Epich.
1777 2747 1882 2822 17,
1947 2751 2128 2812 συκιά
2173 2750 2303 2817 He-

44 2922 45 2925 *
128 2848 275 2913 ml.
320 2848 396 2925 l,
440 2849 529 2915 24
583 2870 701 2933 pro
751 2850 929 2930 φακῆ
973 2858 1038 2912 et
1083 2849 1263 2924 συκῆ.
1352 2847 1431 2911 In
1478 2846 1815 2913 nonnullis
1855 2848 2124 2915 vocibus
2168 2851 2303 2918 Do-

42 2974 45 3041 4
134 2947 221 3017 ris
258 2959 484 3014 contra
528 2950 820 3039 vulgaris
863 2949 1130 3038 linguae
1174 2972 1363 3014 usum
1411 2948 1778 3032 contrahit,
1823 2959 1896 3013 ut
1941 2956 2096 3036 κρῆ
2111 2979 2142 3026 ς
2186 2975 2303 3041 pro

42 3046 45 3125 ᾗ
136 3050 308 3134 κρέας
350 3050 672 3116 Doricum
717 3074 865 3117 esse
906 3050 1181 3115 traditur
1224 3074 1261 3115 a
1304 3049 1627 3137 Gregorio
1682 3074 1745 3138 p.
1791 3049 1958 3133 235,
2027 3076 2061 3117 e
2106 3053 2305 3119 diale-

42 3138 45 3185 ³²
137 3160 229 3219 cto
292 3155 563 3218 affertur
620 3153 700 3217 ab
741 3152 1029 3217 Arcadio
1087 3176 1154 3239 Ρ.
1206 3153 1368 3233 126,
1413 3153 1456 3217 9
1521 3162 1583 3215 et
1640 3150 2070 3240 Theognosto
2131 3155 2304 3222 Oxx.

42 3256 43 3267 ’
138 3253 443 3336 11,135‚
494 3255 576 3338 2,
635 3264 698 3318 et
738 3252 984 3341 legitur
1023 3253 1312 3318 Acharn.
1358 3251 1520 3333 761,
1585 3276 1715 3341 quo
1764 3265 2011 3342 spectat
2056 3255 2308 3347 Grego-

139 3354 298 3437 rius,
371 3355 615 3447 Sophr.
664 3354 784 3437 51,
851 3354 1132 3421 Theocr.
1180 3354 1248 3432 1,
1298 3353 1343 3418 6
1405 3364 1470 3417 et
1513 3360 1700 3437 κρῆ,
1773 3356 1947 3443 quod
1991 3357 2305 3424 Doricum

138 3479 266 3523 esse
307 3481 429 3548 pro
475 3456 629 3541 κρέα
675 3456 934 3521 tradunt
973 3455 1042 3522 J.
1081 3455 1195 3522 Gr.
1243 3456 1393 3532 243,
1422 3455 1502 3534 h,
1553 3455 1669 3522 Gr.
1709 3455 1786 3521 C.
1835 3458 1984 3543 359,
2028 3458 2299 3527 Meerm.

42 3546 45 3641 [
136 3558 286 3644 659,
352 3582 723 3649 quanquam
779 3560 933 3640 κρέα
993 3556 1305 3645 scriptum
1359 3569 1531 3623 extat
1585 3558 1821 3649 Epieh.
1870 3560 1990 3644 82,
2060 3561 2210 3644 βλή
2238 3587 2304 3646 ρ,

140 3683 257 3748 quo
292 3661 577 3726 Alcman
624 3684 784 3726 usus
829 3670 930 3725 est
972 3683 1090 3747 pro
1138 3661 1390 3744 δέλεαρ,
1433 3660 1571 3726 vid.
1616 3661 1699 3725 L.
1747 3661 1783 3725 I
1841 3661 1906 3743 ξ.
1953 3661 1996 3727 6
2053 3674 2189 3727 not.
2238 3663 2304 3746 5,

140 3760 357 3829 deinde
423 3764 680 3841 ὁέλητα,
749 3760 929 3850 quod
973 3760 1327 3826 Theocrito
1372 3760 1582 3844 XXI,
1625 3761 1712 3828 10
1769 3761 2097 3849 probabili
2153 3787 2306 3829 con-

131 3861 371 3946 jectura
412 3864 781 3930 restitutum
824 3873 965 3944 est,
1012 3863 1183 3949 δέλῃτ
1187 3890 1210 3926 ι
1252 3864 1426 3953 apud
1463 3862 1903 3950 Hesychium,
1954 3865 2128 3953 quod
2165 3867 2305 3953 jam

137 3962 438 4033 Doricum
483 3965 781 4048 videtur,
850 3962 1023 4041 ὃελήτ
991 3989 1122 4028 τιον
1165 3962 1404 4052 Sophr.
1453 3963 1538 4030 20
1561 4010 1581 4046 ,
1652 3986 1815 4053 quae
1857 3989 1986 4031 vox
2028 3990 2304 4033 comme-

42 4104 45 4169 !
140 4070 408 4134 moratur
465 4068 663 4134 etiam
730 4068 808 4132 ab
875 4066 1221 4132 Eustathio
1286 4066 1492 4149 1721,
1552 4066 1587 4130 1
1655 4076 1720 4131 et
1782 4066 2114 4157 Hesychio
2181 4069 2300 4149 (cf.

42 4178 45 4221 ³2
143 4169 319 4256 φρῆτι
322 4198 362 4236 α
427 4171 496 4236 iu
552 4168 747 4236 titulo
791 4166 1071 4234 Acrensi
1135 4192 1237 4233 nr.
1284 4166 1397 4252 3),
1466 4165 1777 4244 ἀλήτων
1835 4168 1954 4261 p'ro
2016 4169 2309 4234 ἀλειάτων

42 4266 45 4347 1
142 4269 209 4334 ah
248 4273 460 4356 ἄλειαρ
506 4272 801 4338 Rhintho
842 4271 1015 4358 apud
1056 4269 1301 4405 Athen.
1344 4269 1444 4335 XI
1487 4294 1556 4358 Ρ.
1603 4270 1744 4336 500.
1791 4270 1841 4335 f.
1863 4316 1885 4355 ,
1944 4297 2043 4357 ηρ
2074 4272 2301 4337 Alcm-

215 4400 301 4465 11.
1467 4461 1478 4470 .
1830 4398 1911 4464 13
