2875 5000
152 375 230 469 §.
262 380 398 459 5⁰.
454 381 573 456 De
593 377 903 455 Doridis
924 401 1281 480 generum
1314 394 1387 454 et
1417 379 1831 477 specierum
1855 381 2161 486 origine.
2220 384 2374 467 423

1149 655 1215 740 ξ.
1280 654 1386 722 50.

373 822 500 873 Be
530 818 840 873 nond!-
875 833 1245 886 generum
1279 826 1358 876 ot
1392 824 1812 887 spector-m
1849 810 2165 889 origine·

338 997 412 1078 1)
500 992 914 1062 Concentum
954 984 1101 1062 cuni
1146 995 1372 1062 Attica
1410 994 1683 1086 lingua,
1728 1020 1856 1088 qua
1894 997 2120 1064 mitius
2161 998 2359 1066 Dori-

143 1098 263 1166 dis
316 1121 532 1188 genus
573 1121 611 1162 a
655 1096 985 1165 severiore
1035 1096 1501 1186 distinguitur,
1568 1120 1702 1163 non
1757 1099 2039 1167 recentis
2081 1100 2359 1193 originis

144 1225 316 1273 esse
359 1223 575 1292 neque
618 1198 683 1266 ei
725 1198 1055 1289 potentiae
1116 1199 1384 1283 deberi,
1442 1223 1639 1291 quam
1694 1200 2202 1270 Atheniensium
2258 1203 2356 1272 in-

144 1303 438 1395 genium
493 1300 708 1393 magis
763 1303 1111 1393 magisque
1162 1303 1233 1368 in
1291 1302 1588 1392 reliquos
1646 1303 1932 1373 Graecos
1988 1307 2356 1392 exercebat,

145 1431 369 1498 supra
392 1409 458 1490 ξ.
488 1405 577 1473 20
604 1415 670 1470 ct
692 1403 778 1472 25
821 1404 982 1473 satis
1008 1405 1523 1472 demonstratum
1564 1413 1723 1472 est.‘
1772 1403 2006 1472 Restat
2048 1419 2120 1473 ut
2160 1433 2358 1499 qnae-

142 1532 428 1590 ramus,
472 1530 605 1598 quo
629 1516 923 1595 tempore
950 1505 1068 1573 illa
1095 1508 1370 1577 Doridis
1403 1507 1645 1574 divisio
1678 1518 1829 1574 nata
1859 1530 2009 1575 esse
2032 1509 2350 1601 videatur.

144 1611 467 1679 Primum
521 1633 561 1674 a
615 1608 980 1679 recentiore
1039 1619 1105 1675 et
1146 1609 1518 1699 cognitiore
1558 1619 1765 1676 aetate
1805 1609 1893 1676 ad
1929 1613 2354 1681 vetustiorem

144 1725 221 1781 ct
264 1710 718 1781 obscuriorem
762 1711 1273 1780 escendentibus
1318 1722 1669 1803 utrumque
1709 1711 1984 1779 Doridis
2027 1738 2239 1805 genus
2281 1715 2355 1782 in

144 1813 714 1905 inscriptionibus
754 1827 1057 1903 apparet,
1105 1838 1190 1882 ex
1232 1836 1365 1906 qno
1408 1813 1805 1905 diphthongi
1848 1839 1939 1893 ει,
1987 1841 2061 1881 ου
2102 1827 2170 1885 et
2209 1818 2353 1884 lon-

148 1941 282 2009 gae
338 1915 601 1985 vocales
662 1944 702 1996 η
724 1966 745 1993 ,
816 1941 905 1996 ω,
989 1940 1124 2008 quo
1180 1914 1253 1981 in
1315 1917 1465 1985 loco
1520 1915 1988 2004 gravissimum
2038 1942 2354 2009 generum

145 2019 522 2087 discrimen
574 2018 865 2110 positum
922 2032 1022 2085 cst
1043 2065 1067 2103 ,
1138 2017 1460 2109 scriptura
1503 2017 1825 2108 distingui
1866 2029 2133 2109 coeptae
2175 2033 2353 2088 sunt.

146 2118 691 2215 Antiquissimus
736 2121 968 2189 titulus
986 2166 1009 2206 ,
1069 2122 1140 2186 in
1184 2143 1317 2210 qno
1359 2119 1586 2187 mitius
1631 2144 1844 2211 genus
1885 2122 2209 2209 cernitur,
2253 2133 2356 2191 est

145 2225 493 2293 decretum
532 2223 1092 2314 Amphictyonum
1135 2247 1240 2288 nr.
1285 2221 1453 2290 1688
1472 2269 1495 2307 ,
1542 2223 1720 2311 quod
1764 2223 1879 2289 01.
1913 2224 2062 2310 100,
2111 2226 2145 2292 1
2193 2226 2355 2293 scri-

147 2339 346 2418 ptum
405 2334 550 2410 est,
616 2324 910 2393 severius
962 2325 1035 2390 in
1090 2323 1303 2393 titulis
1349 2324 1633 2399 Creticis
1695 2337 1761 2392 ct
1804 2326 2188 2416 Cyrenaicis
2245 2330 2354 2397 vel

147 2440 311 2522 post
348 2437 638 2496 nostram
678 2451 893 2494 aeram
960 2426 1366 2518 conspicitur
1384 2474 1405 2513 ,
1471 2426 1857 2517 vulgaribus
1916 2428 2146 2498 formis
2202 2452 2352 2500 raro

149 2530 581 2600 intermixtis.
674 2529 1025 2614 Quomodo
1065 2532 1309 2598 factum
1353 2530 1481 2615 sit,
1525 2543 1600 2598 ut
1638 2531 1712 2597 in
1741 2531 2092 2598 Laconicis
2135 2531 2351 2601 titulis

22 2713 23 2716 Ἴ
151 2644 314 2727 post
353 2657 416 2700 a.
450 2632 583 2701 200
619 2631 847 2699 mitius
894 2656 1105 2723 genus
1147 2655 1406 2700 omnem
1449 2632 1916 2723 proprietatem
1951 2632 2351 2702 Laconicam

150 2734 566 2829 propulerit,
630 2758 829 2825 supra
881 2737 946 2819 ξ.
993 2734 1118 2817 48,
1164 2735 1206 2802 2
1261 2734 1593 2824 explicare
1637 2734 1857 2801 conati
1901 2758 2157 2804 sumus.
2268 2736 2350 2802 ln

151 2840 543 2908 universum
586 2847 762 2905 tanta
806 2849 908 2904 est
953 2858 1267 2927 generum
1313 2860 1479 2904 usus
1507 2837 1874 2904 constantia
1916 2836 1989 2902 in
2022 2835 2351 2904 variorum

151 2942 554 3032 populorum
594 2939 994 3007 Doricorum
1034 2938 1588 3028 inscriptionibus
1608 2985 1631 3024 ,
1699 2949 1775 3006 ut
1801 2939 1923 3008 ¹vel
1959 2937 2120 3004 binc
2160 2937 2353 3007 intel·

151 3043 445 3133 ligatur,
489 3041 674 3108 illam
719 3031 1132 3109 divisionem*
1158 3041 1367 3108 multo
1406 3038 1844 3131 antiquiorem
1889 3063 2059 3110 csse.
2170 3041 2353 3108 Idem

156 3144 403 3214 docent
441 3150 675 3235 poetae
699 3144 972 3228 Dorici,
1016 3143 1136 3233 qui
1178 3166 1263 3210 cx
1305 3142 1394 3210 iis
1435 3142 1815 3210 civitatibus
1855 3142 2149 3227 oriundi,
2193 3167 2353 3233 qua-

155 3271 309 3314 rum
367 3246 838 3337 inscriptiones
892 3245 1223 3314 mitiorem
1277 3243 1600 3314 Doridem
1654 3244 2012 3335 praebent,
2078 3267 2155 3312 ea
2208 3246 2356 3336 ipsa

153 3348 398 3440 quinto
440 3349 706 3417 saeculo
749 3347 857 3415 usi
896 3359 1088 3427 sunt,
1154 3346 1595 3440 Epicharmus
1650 3358 1718 3414 et
1757 3347 2065 3441 Sophron
2109 3348 2353 3433 Siculi,

150 3451 559 3520 Timocreon
599 3449 947 3537 Rhodius,
1012 3450 1252 3519 deinde
1304 3449 1785 3542 Aristophanes
1843 3453 1916 3519 in
1971 3450 2355 3519 Acharneu-

154 3554 347 3621 sibus
391 3551 795 3644 Megaricam
840 3550 1213 3620 dialectum*
1233 3553 1530 3622 imitatus
1548 3600 1572 3638 ,
1632 3578 1827 3646 quem
1868 3575 1957 3621 nc
1998 3551 2357 3643 suspiceris

148 3657 280 3723 hoc
323 3655 397 3724 in
438 3656 589 3724 loco
612 3656 839 3723 Attica
878 3667 1122 3724 temere
1159 3655 1643 3734 immiscuisse,
1689 3654 2059 3722 Laconicae
2092 3653 2356 3721 dialecti

153 3757 231 3826 in
287 3741 659 3848 Lysistrata
712 3757 1145 3828 imitationem
1204 3767 1601 3846 comparato.
1715 3754 1829 3821 Ad
1887 3754 2357 3845 Epicharmum

157 3872 228 3927 ct
272 3859 686 3951 Sophronem
728 3860 1078 3928 retulimus
1131 3858 1520 3948 gravissim
1563 3858 2128 3947 grammaticorum
2171 3861 2356 3926 testi·

157 3962 387 4030 monia
428 3963 512 4030 de
542 3961 963 4051 Syracusano
988 3965 1232 4027 Μοῦσα
1274 3971 1341 4027 ct
1380 3959 1754 4050 antiquiore
1795 3959 2045 4027 Dorico
2091 3963 2179 4037 εἷς
2219 3961 2351 4028 vid.

158 4065 228 4149 §-
259 4064 385 4151 20,
431 4066 538 4134 12.
583 4104 668 4116 -
731 4063 922 4130 Ultra
963 4062 1263 4154 quintum
1305 4061 1639 4130 sacculum
1684 4060 2029 4132 Alcmanis
2070 4062 2355 4130 carmina

161 4167 560 4238 severiorem
616 4164 941 4236 Doridem
997 4165 1345 4252 exhibent,
1422 4165 1540 4234 sed
1606 4189 1746 4233 eam
1803 4167 2024 4234 minus
2084 4188 2354 4258 puram,
