2875 5000
507 1483 690 1573 Au
737 1486 1201 1572 Librum
1249 1483 1901 1570 Secundum.

1037 1739 1322 1750 --ffl-—w
1341 1741 1352 1744 -

260 2048 468 2135 Pag.
512 2048 579 2112 6.
669 2046 777 2111 De
833 2046 1109 2111 Doridis
1170 2044 1444 2113 interitu
1501 2039 1652 2111 vide
1710 2045 1951 2139 Franz.
2016 2044 2297 2114 Elemm.

86 2146 333 2239 Epigr.
389 2147 510 2213 Gr.
560 2173 625 2237 p.
665 2148 785 2215 185
811 2196 832 2231 ‚
880 2147 998 2238 qui
1042 2146 1253 2229 liber,
1298 2171 1501 2237 quum
1546 2146 1664 2214 illa
1712 2148 2123 2233 scribebam,
2167 2173 2302 2216 non

87 2261 225 2316 crat
265 2249 361 2317 ad
407 2273 690 2318 manum.
825 2247 1023 2332 Quod
1065 2249 1153 2314 V.
1201 2248 1296 2312 D,
1339 2250 1903 2338 Amphictyonum
1946 2249 2302 2318 concilium

89 2353 422 2418 maturius
480 2375 672 2441 quam
741 2352 1042 2442 singulas
1105 2350 1404 2418 civitates
1461 2351 1800 2441 vulgarem
1870 2354 2164 2444 linguam
2231 2356 2302 2420 in
2414 2354 2420 2359 ’

89 2454 388 2523 Doricae
434 2453 700 2521 dialecti
754 2457 976 2523 locum
1023 2454 1342 2523 ascivisse
1385 2477 1422 2521 e
1469 2455 1752 2522 decretis
1794 2454 1864 2520 in
1907 2455 2303 2526 Demosthe-

90 2559 198 2625 nis
254 2559 561 2626 oratione
620 2558 704 2623 de
765 2557 1025 2624 Corona
1089 2584 1158 2649 p.
1204 2558 1353 2626 278.
1391 2559 1521 2626 279
1578 2570 1645 2623 et
1697 2558 1769 2622 in
1819 2557 2021 2648 Corp.
2085 2561 2298 2627 Inscr.

92 2686 193 2726 nr.
230 2660 434 2729 1689.
464 2685 528 2726 a.
557 2660 602 2725 b
646 2660 922 2728 servatis
964 2656 1266 2749 colligit,
1329 2661 1471 2747 jam
1515 2662 1738 2748 paullo
1783 2661 2151 2727 accuratius
2193 2687 2302 2727 ex-

91 2788 346 2854 ponere
422 2763 604 2830 lieet.
737 2758 1130 2853 Quanquam
1196 2763 1372 2829 enim
1439 2762 1718 2829 decretis
1777 2763 2304 2831 Demostheneae

94 2866 387 2935 orationi
441 2864 711 2934 insertis
754 2868 1034 2933 multum
1078 2866 1237 2931 fidei
1292 2867 1522 2932 haberi
1567 2864 1840 2957 nequit,
1908 2878 1975 2931 at
2020 2890 2153 2931 non
2200 2889 2302 2931 so·

92 2970 234 3037 lum
281 2992 388 3036 nr.
440 2969 609 3036 1689
650 2981 717 3035 et
761 2970 951 3037 1689.
991 2970 1033 3035 b
1077 2969 1248 3036 nihil
1288 2966 1522 3035 Dorici
1565 2970 1809 3036 hahent
1849 2981 2301 3060 praeterquam

93 3072 164 3137 in
210 3072 603 3140 nominihus
645 3070 978 3162 propriis,
1038 3068 1155 3138 sed
1198 3073 1390 3138 ctiam
1435 3094 1538 3136 nr.
1580 3072 1748 3139 1694
1790 3084 1855 3137 et
1897 3096 1972 3137 ea
2018 3074 2301 3150 decreta,

93 3198 267 3266 quoe
326 3176 399 3241 in
442 3173 672 3240 eodem
730 3172 950 3264 lapide
1002 3198 1154 3240 cum
1210 3198 1310 3241 nr.
1362 3172 1553 3242 1689.
1601 3175 1643 3239 h
1703 3173 1965 3241 inventa
2010 3174 2304 3240 Leakius

94 3277 311 3343 edidit
354 3278 425 3343 in
472 3279 738 3343 Travels
782 3279 1058 3364 throuqk
1094 3279 1415 3344 Nortkern
1449 3278 1688 3344 Greece
1720 3276 1878 3343 Vol.
1903 3277 1995 3342 11.
2043 3302 2146 3342 nr.
2174 3277 2303 3361 993

91 3393 433 3469 postremo
488 3379 820 3446 decretum
879 3380 959 3444 ab
1005 3379 1170 3444 Ern.
1221 3377 1458 3445 Curtio
1517 3377 1588 3444 in
1643 3379 1820 3446 Mus.
1869 3378 2086 3446 Rhen.
2138 3380 2304 3446 1842

89 3505 160 3571 p.
200 3482 291 3550 93
328 3508 517 3573 seqq.
567 3506 669 3548 nr.
706 3484 783 3548 11
831 3482 1077 3548 editum
1120 3507 1157 3548 u
1200 3480 1422 3549 verbis
1464 3486 1730 3558 πυλαίας
1776 3481 2093 3565 ὀπωρινῆς
2134 3485 2304 3562 ispo·-

41 3656 44 3669 ,
91 3585 569 3665 μνημονούπων
627 3609 936 3652 exorsum
1001 3597 1230 3674 postea
1298 3584 1380 3652 ad
1445 3586 1718 3652 Doridis
1782 3607 1973 3650 usum
2040 3581 2296 3646 transit.

90 3684 248 3751 Jem
293 3706 447 3749 vero
495 3686 612 3751 illa
655 3688 1218 3777 Amphictyonum
1262 3688 1519 3752 decreta
1565 3684 1826 3760 omnia,
1910 3694 1983 3747 ut
2028 3680 2301 3746 Curtius

93 3785 439 3851 Boeckhio
494 3786 577 3850 ud
634 3810 738 3850 nr.
790 3789 959 3854 1694
1016 3798 1370 3875 praeeunte
1425 3788 1596 3851 hene
1655 3784 2028 3867 intellexit,
2095 3807 2300 3873 quan-

95 3910 300 3978 quam
342 3886 665 3953 Leakiani
705 3888 883 3953 tituli
926 3912 1060 3953 non
1103 3910 1388 3966 memor,
1468 3888 1555 3953 ad
1599 3910 1739 3951 eam
1785 3896 2056 3951 aetatem
2101 3885 2300 3975 perti·
2336 3908 2343 3916 ·

96 4000 263 4055 nent
285 4037 307 4074 ‚
385 4015 514 4081 qua
559 3989 788 4058 Aetoli
837 4000 1087 4056 tantum
1145 3989 1488 4080 potestatis
1548 3989 1722 4055 inter
1777 3988 2300 4077 Amphictyones

98 4092 231 4158 sihi
271 4106 736 4183 arrogaverunt
758 4141 779 4176 ,
854 4105 929 4159 ut
963 4116 1189 4159 eorum
1231 4092 1798 4158 hieromnemones
1858 4100 1970 4154 aut
2011 4089 2138 4156 soli
2190 4100 2302 4154 aut

102 4194 314 4282 primo
371 4198 520 4263 loco
580 4196 1063 4279 scriberentur,
1152 4194 1332 4285 quod
1386 4194 1460 4258 in
1520 4194 1698 4259 tertii
1755 4217 1814 4257 a.
1863 4190 1989 4256 Ch.
2054 4192 2299 4257 saeculi

101 4296 349 4364 exitum
392 4311 459 4366 et
500 4299 776 4366 secundi
822 4300 1088 4366 initium
1131 4298 1365 4364 cadere
1407 4307 1687 4387 oportet.
1760 4293 1902 4361 Nec
1937 4292 2295 4383 quidquam
