<?xml version="1.0" encoding="UTF-8"?>
<!DOCTYPE html PUBLIC "-//W3C//DTD XHTML 1.0 Transitional//EN"
    "http://www.w3.org/TR/xhtml1/DTD/xhtml1-transitional.dtd">
<html xmlns="http://www.w3.org/1999/xhtml" xml:lang="en" lang="en">
 <head>
  <title>
</title>
<meta http-equiv="Content-Type" content="text/html;charset=utf-8" />
  <meta name='ocr-system' content='tesseract 3.04.00' />
  <meta name='ocr-capabilities' content='ocr_page ocr_carea ocr_par ocr_line ocrx_word'/>
</head>
<body>
  <div class='ocr_page' id='page_1' title='image "./degraecaelingua00unkngoog_0362.png"; bbox 0 0 2875 5000; ppageno 0'>
   <div class='ocr_carea' id='block_1_1' title="bbox 520 359 1964 463">
    <p class='ocr_par' dir='ltr' id='par_1_1' title="bbox 520 359 1964 463">
     <span class='ocr_line' id='line_1_1' title="bbox 520 359 1964 463; baseline -0.01 -16"><span class='ocrx_word' id='word_1_1' title='bbox 520 368 673 447; x_wconf 75' lang='lat'><strong>344</strong></span> <span class='ocrx_word' id='word_1_2' title='bbox 1262 366 1377 439; x_wconf 80' lang='lat' dir='ltr'><strong>De</strong></span> <span class='ocrx_word' id='word_1_3' title='bbox 1435 359 1964 463; x_wconf 82' lang='lat' dir='ltr'><strong>conjugatione.</strong></span> 
     </span>
    </p>
   </div>
   <div class='ocr_carea' id='block_1_2' title="bbox 534 559 2834 3612">
    <p class='ocr_par' dir='ltr' id='par_1_2' title="bbox 693 559 2716 761">
     <span class='ocr_line' id='line_1_2' title="bbox 693 559 2712 653; baseline -0.007 -16"><span class='ocrx_word' id='word_1_4' title='bbox 693 573 856 639; x_wconf 84' lang='lat' dir='ltr'><strong>Aor.</strong></span> <span class='ocrx_word' id='word_1_5' title='bbox 889 570 922 634; x_wconf 87' lang='grc' dir='ltr'>Ι</span> <span class='ocrx_word' id='word_1_6' title='bbox 964 567 1455 645; x_wconf 80' lang='grc' dir='ltr'><strong><em>θώσασθαι,</em></strong></span> <span class='ocrx_word' id='word_1_7' title='bbox 1504 566 1937 653; x_wconf 73' lang='grc' dir='ltr'><strong><em>εὐωχηθῆναι,</em></strong></span> <span class='ocrx_word' id='word_1_8' title='bbox 1979 564 2385 645; x_wconf 74' lang='grc' dir='ltr'><strong><em>μεθυσθῆναι</em></strong></span> <span class='ocrx_word' id='word_1_9' title='bbox 2423 559 2712 652; x_wconf 59' lang='lat' dir='ltr'><strong>Hesyeb.</strong></span> 
     </span>
     <span class='ocr_line' id='line_1_3' title="bbox 965 662 2716 761; baseline -0.007 -23"><span class='ocrx_word' id='word_1_10' title='bbox 965 672 1116 753; x_wconf 85' lang='lat' dir='ltr'><strong>(boc</strong></span> <span class='ocrx_word' id='word_1_11' title='bbox 1139 671 1784 761; x_wconf 75' lang='lat' dir='ltr'><strong>interpretamentum</strong></span> <span class='ocrx_word' id='word_1_12' title='bbox 1803 666 2011 732; x_wconf 87' lang='lat' dir='ltr'><strong>errori</strong></span> <span class='ocrx_word' id='word_1_13' title='bbox 2031 665 2308 733; x_wconf 85' lang='lat' dir='ltr'><strong>debetur</strong></span> <span class='ocrx_word' id='word_1_14' title='bbox 2328 664 2466 732; x_wconf 87' lang='lat' dir='ltr'><strong>vid.</strong></span> <span class='ocrx_word' id='word_1_15' title='bbox 2488 662 2716 743; x_wconf 83' lang='lat' dir='ltr'><strong>antec.)</strong></span> 
     </span>
    </p>

    <p class='ocr_par' dir='ltr' id='par_1_3' title="bbox 697 768 2088 851">
     <span class='ocr_line' id='line_1_4' title="bbox 697 768 2088 851; baseline -0.004 -13"><span class='ocrx_word' id='word_1_16' title='bbox 697 773 878 839; x_wconf 71' lang='lat' dir='ltr'><strong>Pers.</strong></span> <span class='ocrx_word' id='word_1_17' title='bbox 924 772 1319 851; x_wconf 76' lang='grc' dir='ltr'><strong>τέθωται,</strong></span> <span class='ocrx_word' id='word_1_18' title='bbox 1365 774 1722 849; x_wconf 77' lang='grc' dir='ltr'><strong><em>τεθοίνηται</em></strong></span> <span class='ocrx_word' id='word_1_19' title='bbox 1763 768 1958 833; x_wconf 85' lang='lat' dir='ltr'><strong>Phot.</strong></span> <span class='ocrx_word' id='word_1_20' title='bbox 2081 815 2088 820; x_wconf 82' lang='lat'>-</span> 
     </span>
    </p>

    <p class='ocr_par' dir='ltr' id='par_1_4' title="bbox 696 867 2567 965">
     <span class='ocr_line' id='line_1_5' title="bbox 696 867 2567 965; baseline -0.005 -24"><span class='ocrx_word' id='word_1_21' title='bbox 696 874 865 941; x_wconf 86' lang='lat' dir='ltr'><strong>Aor.</strong></span> <span class='ocrx_word' id='word_1_22' title='bbox 913 875 946 939; x_wconf 91' lang='lat'>1</span> <span class='ocrx_word' id='word_1_23' title='bbox 990 900 1055 965; x_wconf 92' lang='lat' dir='ltr'><strong>p.</strong></span> <span class='ocrx_word' id='word_1_24' title='bbox 1085 877 1525 961; x_wconf 11' lang='lat' dir='ltr'><strong>&gt;aewestan</strong></span> <span class='ocrx_word' id='word_1_25' title='bbox 1573 873 1824 957; x_wconf 72' lang='grc' dir='ltr'><strong>φαγεῖν,</strong></span> <span class='ocrx_word' id='word_1_26' title='bbox 1869 867 2226 953; x_wconf 76' lang='grc' dir='ltr'><strong><em>γεύσασθαι</em></strong></span> <span class='ocrx_word' id='word_1_27' title='bbox 2267 867 2567 956; x_wconf 68' lang='lat' dir='ltr'><strong>Hesych.</strong></span> 
     </span>
    </p>

    <p class='ocr_par' dir='ltr' id='par_1_5' title="bbox 696 970 2531 1059">
     <span class='ocr_line' id='line_1_6' title="bbox 696 970 2531 1059; baseline -0.004 -17"><span class='ocrx_word' id='word_1_28' title='bbox 696 975 1084 1044; x_wconf 82' lang='lat' dir='ltr'><strong>Derivatum</strong></span> <span class='ocrx_word' id='word_1_29' title='bbox 1127 987 1227 1043; x_wconf 85' lang='lat' dir='ltr'><strong>est</strong></span> <span class='ocrx_word' id='word_1_30' title='bbox 1268 974 1546 1054; x_wconf 82' lang='grc' dir='ltr'><strong><em>θωστή</em></strong></span> <span class='ocrx_word' id='word_1_31' title='bbox 1572 1000 1753 1059; x_wconf 70' lang='lat' dir='ltr'><strong>poa,</strong></span> <span class='ocrx_word' id='word_1_32' title='bbox 1799 970 2189 1057; x_wconf 76' lang='grc' dir='ltr'><strong><em>εὐωχητήρια</em></strong></span> <span class='ocrx_word' id='word_1_33' title='bbox 2233 970 2531 1058; x_wconf 68' lang='lat' dir='ltr'><strong>Hesych.</strong></span> 
     </span>
    </p>

    <p class='ocr_par' dir='ltr' id='par_1_6' title="bbox 534 1069 2700 1264">
     <span class='ocr_line' id='line_1_7' title="bbox 703 1069 2700 1164; baseline -0.005 -20"><span class='ocrx_word' id='word_1_34' title='bbox 703 1078 1186 1164; x_wconf 78' lang='grc' dir='ltr'><strong>(θιγγάνω),</strong></span> <span class='ocrx_word' id='word_1_35' title='bbox 1257 1077 1420 1145; x_wconf 83' lang='lat' dir='ltr'><strong>Aor.</strong></span> <span class='ocrx_word' id='word_1_36' title='bbox 1468 1077 1534 1141; x_wconf 89' lang='lat' dir='ltr'><strong>Il</strong></span> <span class='ocrx_word' id='word_1_37' title='bbox 1591 1076 1804 1159; x_wconf 78' lang='grc' dir='ltr'><strong><em>ἔθιγον</em></strong></span> <span class='ocrx_word' id='word_1_38' title='bbox 1856 1085 1922 1141; x_wconf 89' lang='lat' dir='ltr'><strong>et</strong></span> <span class='ocrx_word' id='word_1_39' title='bbox 1962 1073 2294 1139; x_wconf 84' lang='lat' dir='ltr'><strong>Laconice</strong></span> <span class='ocrx_word' id='word_1_40' title='bbox 2338 1070 2545 1155; x_wconf 73' lang='grc' dir='ltr'><strong>ε”σιγον</strong></span> <span class='ocrx_word' id='word_1_41' title='bbox 2578 1069 2700 1137; x_wconf 75' lang='lat' dir='ltr'><strong>vid.</strong></span> 
     </span>
     <span class='ocr_line' id='line_1_8' title="bbox 534 1179 936 1264; baseline 0 -19"><span class='ocrx_word' id='word_1_42' title='bbox 534 1179 599 1263; x_wconf 67' lang='grc' dir='ltr'><strong>ξ.</strong></span> <span class='ocrx_word' id='word_1_43' title='bbox 647 1180 715 1264; x_wconf 90' lang='grc'><strong>7,</strong></span> <span class='ocrx_word' id='word_1_44' title='bbox 762 1182 825 1246; x_wconf 99' lang='grc'><strong>1.</strong></span> <span class='ocrx_word' id='word_1_45' title='bbox 869 1182 936 1248; x_wconf 81' lang='lat'><strong>2.</strong></span> 
     </span>
    </p>

    <p class='ocr_par' dir='ltr' id='par_1_7' title="bbox 703 1277 2300 1364">
     <span class='ocr_line' id='line_1_9' title="bbox 703 1277 2300 1364; baseline -0.004 -16"><span class='ocrx_word' id='word_1_46' title='bbox 703 1280 1073 1359; x_wconf 78' lang='grc' dir='ltr'><strong>θνάσκω,</strong></span> <span class='ocrx_word' id='word_1_47' title='bbox 1120 1279 1285 1346; x_wconf 82' lang='lat' dir='ltr'><strong>Aor.</strong></span> <span class='ocrx_word' id='word_1_48' title='bbox 1333 1280 1401 1344; x_wconf 91' lang='lat' dir='ltr'><strong>II</strong></span> <span class='ocrx_word' id='word_1_49' title='bbox 1446 1279 1724 1364; x_wconf 75' lang='grc' dir='ltr'><strong><em>ἔθανον,</em></strong></span> <span class='ocrx_word' id='word_1_50' title='bbox 1769 1277 1949 1344; x_wconf 72' lang='lat' dir='ltr'><strong>Pers.</strong></span> <span class='ocrx_word' id='word_1_51' title='bbox 1997 1277 2300 1342; x_wconf 76' lang='grc' dir='ltr'><strong>τέθνακα.</strong></span> 
     </span>
    </p>

    <p class='ocr_par' dir='ltr' id='par_1_8' title="bbox 539 1377 2834 2694">
     <span class='ocr_line' id='line_1_10' title="bbox 704 1377 2721 1468; baseline -0.001 -22"><span class='ocrx_word' id='word_1_52' title='bbox 704 1389 914 1468; x_wconf 79' lang='grc' dir='ltr'>ἵημι,</span> <span class='ocrx_word' id='word_1_53' title='bbox 986 1382 1167 1447; x_wconf 69' lang='lat' dir='ltr'><strong>Pers.</strong></span> <span class='ocrx_word' id='word_1_54' title='bbox 1235 1380 1496 1463; x_wconf 76' lang='grc' dir='ltr'><strong><em>ἆφέωκα</em></strong></span> <span class='ocrx_word' id='word_1_55' title='bbox 1550 1381 1869 1447; x_wconf 87' lang='lat' dir='ltr'><strong>Doricum</strong></span> <span class='ocrx_word' id='word_1_56' title='bbox 1928 1379 2172 1447; x_wconf 82' lang='lat' dir='ltr'><strong>dicitur</strong></span> <span class='ocrx_word' id='word_1_57' title='bbox 2210 1403 2245 1445; x_wconf 84' lang='lat' dir='ltr'><strong>a</strong></span> <span class='ocrx_word' id='word_1_58' title='bbox 2294 1377 2502 1452; x_wconf 82' lang='lat' dir='ltr'><strong>Suida</strong></span> <span class='ocrx_word' id='word_1_59' title='bbox 2559 1402 2615 1444; x_wconf 90' lang='lat' dir='ltr'><strong>s.</strong></span> <span class='ocrx_word' id='word_1_60' title='bbox 2661 1402 2721 1444; x_wconf 76' lang='lat' dir='ltr'><strong>v.</strong></span> 
     </span>
     <span class='ocr_line' id='line_1_11' title="bbox 542 1479 2727 1572; baseline -0.001 -24"><span class='ocrx_word' id='word_1_61' title='bbox 542 1482 777 1566; x_wconf 80' lang='grc' dir='ltr'><strong><em>ἆφεῖκα</em></strong></span> <span class='ocrx_word' id='word_1_62' title='bbox 839 1495 905 1551; x_wconf 86' lang='lat' dir='ltr'><strong>et</strong></span> <span class='ocrx_word' id='word_1_63' title='bbox 961 1482 1284 1549; x_wconf 76' lang='grc' dir='ltr'><strong><em>ἆνὲὤσθαι</em></strong></span> <span class='ocrx_word' id='word_1_64' title='bbox 1314 1483 1586 1572; x_wconf 77' lang='lat' dir='ltr'><strong>,legitur</strong></span> <span class='ocrx_word' id='word_1_65' title='bbox 1644 1482 1714 1548; x_wconf 89' lang='lat' dir='ltr'><strong>iu</strong></span> <span class='ocrx_word' id='word_1_66' title='bbox 1769 1482 2035 1547; x_wconf 85' lang='lat' dir='ltr'><strong>Heracl.</strong></span> <span class='ocrx_word' id='word_1_67' title='bbox 2096 1482 2172 1565; x_wconf 92' lang='grc' dir='ltr'><strong>Ι,</strong></span> <span class='ocrx_word' id='word_1_68' title='bbox 2233 1482 2380 1548; x_wconf 84' lang='lat'><strong>105.</strong></span> <span class='ocrx_word' id='word_1_69' title='bbox 2490 1479 2727 1548; x_wconf 71' lang='lat' dir='ltr'><strong>suidas</strong></span> 
     </span>
     <span class='ocr_line' id='line_1_12' title="bbox 539 1581 2732 1676; baseline -0.002 -25"><span class='ocrx_word' id='word_1_70' title='bbox 539 1586 766 1651; x_wconf 83' lang='lat' dir='ltr'><strong>eadem</strong></span> <span class='ocrx_word' id='word_1_71' title='bbox 810 1586 1087 1676; x_wconf 78' lang='lat' dir='ltr'><strong>perfecti</strong></span> <span class='ocrx_word' id='word_1_72' title='bbox 1129 1586 1337 1651; x_wconf 75' lang='lat' dir='ltr'><strong>forma</strong></span> <span class='ocrx_word' id='word_1_73' title='bbox 1380 1585 1576 1651; x_wconf 90' lang='lat' dir='ltr'><strong>Ioues</strong></span> <span class='ocrx_word' id='word_1_74' title='bbox 1617 1584 1717 1650; x_wconf 82' lang='lat' dir='ltr'><strong>uti</strong></span> <span class='ocrx_word' id='word_1_75' title='bbox 1760 1584 1958 1649; x_wconf 80' lang='lat' dir='ltr'><strong>tradit</strong></span> <span class='ocrx_word' id='word_1_76' title='bbox 2001 1595 2066 1650; x_wconf 86' lang='lat' dir='ltr'><strong>ct</strong></span> <span class='ocrx_word' id='word_1_77' title='bbox 2107 1581 2518 1650; x_wconf 81' lang='lat' dir='ltr'><strong>Herodotum</strong></span> <span class='ocrx_word' id='word_1_78' title='bbox 2539 1630 2561 1666; x_wconf 86' lang='lat'>‚</span> <span class='ocrx_word' id='word_1_79' title='bbox 2627 1583 2732 1648; x_wconf 88' lang='lat' dir='ltr'><strong>cui</strong></span> 
     </span>
     <span class='ocr_line' id='line_1_13' title="bbox 542 1684 2733 1778; baseline -0 -26"><span class='ocrx_word' id='word_1_80' title='bbox 542 1687 608 1752; x_wconf 91' lang='lat'><strong>11</strong></span> <span class='ocrx_word' id='word_1_81' title='bbox 629 1733 650 1769; x_wconf 85' lang='lat'><strong><em>‚</em></strong></span> <span class='ocrx_word' id='word_1_82' title='bbox 696 1685 819 1754; x_wconf 84' lang='lat'><strong>165</strong></span> <span class='ocrx_word' id='word_1_83' title='bbox 878 1712 961 1753; x_wconf 83' lang='lat' dir='ltr'><strong>ex</strong></span> <span class='ocrx_word' id='word_1_84' title='bbox 1017 1687 1261 1778; x_wconf 82' lang='lat' dir='ltr'><strong>optimo</strong></span> <span class='ocrx_word' id='word_1_85' title='bbox 1320 1687 1547 1752; x_wconf 90' lang='lat' dir='ltr'><strong>codice</strong></span> <span class='ocrx_word' id='word_1_86' title='bbox 1589 1686 1671 1751; x_wconf 90' lang='lat' dir='ltr'><strong>F.</strong></span> <span class='ocrx_word' id='word_1_87' title='bbox 1722 1684 2017 1751; x_wconf 75' lang='grc' dir='ltr'><strong>ἀνέωνται</strong></span> <span class='ocrx_word' id='word_1_88' title='bbox 2057 1707 2179 1773; x_wconf 88' lang='lat' dir='ltr'><strong>pro</strong></span> <span class='ocrx_word' id='word_1_89' title='bbox 2223 1684 2505 1751; x_wconf 77' lang='grc' dir='ltr'><strong><em>ἄνεόνται</em></strong></span> <span class='ocrx_word' id='word_1_90' title='bbox 2547 1684 2733 1752; x_wconf 83' lang='lat' dir='ltr'><strong>resti·</strong></span> 
     </span>
     <span class='ocr_line' id='line_1_14' title="bbox 543 1787 2736 1877; baseline 0 -24"><span class='ocrx_word' id='word_1_91' title='bbox 543 1787 863 1854; x_wconf 87' lang='lat' dir='ltr'><strong>tuendum</strong></span> <span class='ocrx_word' id='word_1_92' title='bbox 906 1800 1073 1877; x_wconf 78' lang='lat' dir='ltr'><strong>est3·</strong></span> <span class='ocrx_word' id='word_1_93' title='bbox 1113 1791 1267 1855; x_wconf 86' lang='lat' dir='ltr'><strong>item</strong></span> <span class='ocrx_word' id='word_1_94' title='bbox 1315 1787 1626 1870; x_wconf 76' lang='grc' dir='ltr'><strong><em>ἇφὲωνται</em></strong></span> <span class='ocrx_word' id='word_1_95' title='bbox 1681 1787 1748 1852; x_wconf 89' lang='lat' dir='ltr'><strong>iu</strong></span> <span class='ocrx_word' id='word_1_96' title='bbox 1788 1787 1915 1854; x_wconf 84' lang='lat' dir='ltr'><strong>Ev.</strong></span> <span class='ocrx_word' id='word_1_97' title='bbox 1960 1787 2195 1854; x_wconf 78' lang='lat' dir='ltr'><strong>Matth.</strong></span> <span class='ocrx_word' id='word_1_98' title='bbox 2241 1788 2323 1872; x_wconf 85' lang='lat'><strong>9,</strong></span> <span class='ocrx_word' id='word_1_99' title='bbox 2368 1788 2434 1854; x_wconf 82' lang='lat'><strong>5.</strong></span> <span class='ocrx_word' id='word_1_100' title='bbox 2544 1788 2736 1854; x_wconf 85' lang='lat' dir='ltr'><strong>Com·</strong></span> 
     </span>
     <span class='ocr_line' id='line_1_15' title="bbox 543 1887 2736 1975; baseline 0.001 -19"><span class='ocrx_word' id='word_1_101' title='bbox 543 1901 984 1957; x_wconf 75' lang='lat' dir='ltr'><strong>memorantur</strong></span> <span class='ocrx_word' id='word_1_102' title='bbox 1024 1890 1324 1975; x_wconf 79' lang='grc' dir='ltr'><strong>ἇφέωκα,</strong></span> <span class='ocrx_word' id='word_1_103' title='bbox 1374 1889 1686 1974; x_wconf 73' lang='grc' dir='ltr'><strong><em>ἀφέωνται</em></strong></span> <span class='ocrx_word' id='word_1_104' title='bbox 1726 1891 1799 1956; x_wconf 86' lang='lat' dir='ltr'><strong>in</strong></span> <span class='ocrx_word' id='word_1_105' title='bbox 1842 1889 1954 1956; x_wconf 86' lang='lat' dir='ltr'><strong>Et.</strong></span> <span class='ocrx_word' id='word_1_106' title='bbox 1999 1889 2097 1956; x_wconf 89' lang='grc' dir='ltr'><strong>Μ.</strong></span> <span class='ocrx_word' id='word_1_107' title='bbox 2146 1887 2303 1972; x_wconf 84' lang='grc'><strong>176,</strong></span> <span class='ocrx_word' id='word_1_108' title='bbox 2349 1888 2437 1956; x_wconf 83' lang='grc'><strong>45</strong></span> <span class='ocrx_word' id='word_1_109' title='bbox 2479 1914 2567 1956; x_wconf 83' lang='lat' dir='ltr'><strong>ex</strong></span> <span class='ocrx_word' id='word_1_110' title='bbox 2598 1890 2736 1958; x_wconf 80' lang='lat' dir='ltr'><strong>He-</strong></span> 
     </span>
     <span class='ocr_line' id='line_1_16' title="bbox 545 1990 2820 2077; baseline 0 -19"><span class='ocrx_word' id='word_1_111' title='bbox 545 1992 861 2077; x_wconf 81' lang='lat' dir='ltr'><strong>rodiano,</strong></span> <span class='ocrx_word' id='word_1_112' title='bbox 906 1992 1069 2059; x_wconf 85' lang='lat' dir='ltr'><strong>adeo</strong></span> <span class='ocrx_word' id='word_1_113' title='bbox 1110 1991 1333 2057; x_wconf 82' lang='lat' dir='ltr'><strong>Attica</strong></span> <span class='ocrx_word' id='word_1_114' title='bbox 1377 2016 1524 2060; x_wconf 89' lang='lat' dir='ltr'><strong>esse</strong></span> <span class='ocrx_word' id='word_1_115' title='bbox 1566 1993 1908 2059; x_wconf 86' lang='lat' dir='ltr'><strong>traduntur</strong></span> <span class='ocrx_word' id='word_1_116' title='bbox 1949 1990 2115 2056; x_wconf 93' lang='lat' dir='ltr'><strong>ibid.</strong></span> <span class='ocrx_word' id='word_1_117' title='bbox 2163 1992 2211 2057; x_wconf 89' lang='lat' dir='ltr'><strong>l.</strong></span> <span class='ocrx_word' id='word_1_118' title='bbox 2261 1992 2341 2060; x_wconf 84' lang='lat'><strong>51</strong></span> <span class='ocrx_word' id='word_1_119' title='bbox 2387 2001 2454 2057; x_wconf 92' lang='lat' dir='ltr'><strong>et</strong></span> <span class='ocrx_word' id='word_1_120' title='bbox 2492 1991 2610 2058; x_wconf 87' lang='lat' dir='ltr'><strong>Et.</strong></span> <span class='ocrx_word' id='word_1_121' title='bbox 2653 1992 2736 2058; x_wconf 82' lang='lat' dir='ltr'><strong>G.</strong></span> <span class='ocrx_word' id='word_1_122' title='bbox 2818 2009 2820 2044; x_wconf 52' lang='lat'>¹</span> 
     </span>
     <span class='ocr_line' id='line_1_17' title="bbox 545 2092 2824 2183; baseline -0.001 -21"><span class='ocrx_word' id='word_1_123' title='bbox 545 2094 670 2178; x_wconf 80' lang='grc'><strong>96,</strong></span> <span class='ocrx_word' id='word_1_124' title='bbox 717 2096 823 2161; x_wconf 90' lang='grc'><strong>11.</strong></span> <span class='ocrx_word' id='word_1_125' title='bbox 913 2094 1212 2181; x_wconf 78' lang='lat' dir='ltr'><strong>Analoga</strong></span> <span class='ocrx_word' id='word_1_126' title='bbox 1270 2105 1428 2158; x_wconf 88' lang='lat' dir='ltr'><strong>sunt</strong></span> <span class='ocrx_word' id='word_1_127' title='bbox 1482 2094 1699 2159; x_wconf 76' lang='grc' dir='ltr'><strong><em>ἔθωκα</em></strong></span> <span class='ocrx_word' id='word_1_128' title='bbox 1751 2092 1885 2160; x_wconf 83' lang='lat' dir='ltr'><strong>vid.</strong></span> <span class='ocrx_word' id='word_1_129' title='bbox 1940 2117 2120 2183; x_wconf 86' lang='lat' dir='ltr'><strong>supr.</strong></span> <span class='ocrx_word' id='word_1_130' title='bbox 2171 2105 2235 2159; x_wconf 87' lang='lat' dir='ltr'><strong>et</strong></span> <span class='ocrx_word' id='word_1_131' title='bbox 2276 2093 2597 2159; x_wconf 77' lang='grc' dir='ltr'><strong>πέπτωκα.</strong></span> <span class='ocrx_word' id='word_1_132' title='bbox 2659 2132 2740 2144; x_wconf 88' lang='lat'><strong>——-</strong></span> <span class='ocrx_word' id='word_1_133' title='bbox 2822 2139 2824 2170; x_wconf 37' lang='lat'>1</span> 
     </span>
     <span class='ocr_line' id='line_1_18' title="bbox 548 2193 2826 2282; baseline 0.001 -23"><span class='ocrx_word' id='word_1_134' title='bbox 548 2195 626 2259; x_wconf 91' lang='lat' dir='ltr'><strong>lu</strong></span> <span class='ocrx_word' id='word_1_135' title='bbox 673 2195 867 2262; x_wconf 85' lang='lat' dir='ltr'><strong>titulo</strong></span> <span class='ocrx_word' id='word_1_136' title='bbox 911 2195 1200 2261; x_wconf 76' lang='lat' dir='ltr'><strong>Phocion</strong></span> <span class='ocrx_word' id='word_1_137' title='bbox 1255 2219 1358 2260; x_wconf 87' lang='lat' dir='ltr'><strong>nr.</strong></span> <span class='ocrx_word' id='word_1_138' title='bbox 1405 2194 1489 2261; x_wconf 88' lang='grc'><strong>73</strong></span> <span class='ocrx_word' id='word_1_139' title='bbox 1534 2196 1822 2264; x_wconf 85' lang='lat' dir='ltr'><strong>Rossius</strong></span> <span class='ocrx_word' id='word_1_140' title='bbox 1881 2193 2153 2278; x_wconf 77' lang='grc' dir='ltr'><strong><em>ἀφεμένα</em></strong></span> <span class='ocrx_word' id='word_1_141' title='bbox 2205 2195 2469 2261; x_wconf 87' lang='lat' dir='ltr'><strong>restitui</strong></span> <span class='ocrx_word' id='word_1_142' title='bbox 2502 2196 2739 2282; x_wconf 86' lang='lat' dir='ltr'><strong>jussit,</strong></span> <span class='ocrx_word' id='word_1_143' title='bbox 2825 2203 2826 2240; x_wconf 60' lang='lat'>¹</span> 
     </span>
     <span class='ocr_line' id='line_1_19' title="bbox 550 2267 2830 2386; baseline 0 -25"><span class='ocrx_word' id='word_1_144' title='bbox 550 2320 754 2385; x_wconf 85' lang='lat' dir='ltr'><strong>quum</strong></span> <span class='ocrx_word' id='word_1_145' title='bbox 809 2294 878 2360; x_wconf 90' lang='lat' dir='ltr'><strong>iu</strong></span> <span class='ocrx_word' id='word_1_146' title='bbox 935 2295 1155 2386; x_wconf 81' lang='lat' dir='ltr'><strong>lapide</strong></span> <span class='ocrx_word' id='word_1_147' title='bbox 1209 2296 1490 2384; x_wconf 77' lang='lat' dir='ltr'><strong>legisset</strong></span> <span class='ocrx_word' id='word_1_148' title='bbox 1533 2299 1574 2362; x_wconf 79' lang='grc' dir='ltr'><em>ἆ</em></span> <span class='ocrx_word' id='word_1_149' title='bbox 1620 2299 1997 2380; x_wconf 77' lang='grc' dir='ltr'><strong><em>δουλαγωγία</em></strong></span> <span class='ocrx_word' id='word_1_150' title='bbox 2043 2296 2277 2382; x_wconf 74' lang='grc' dir='ltr'><strong><em>ἄκυρος</em></strong></span> <span class='ocrx_word' id='word_1_151' title='bbox 2322 2301 2430 2362; x_wconf 76' lang='grc' dir='ltr'><strong>καὶ</strong></span> <span class='ocrx_word' id='word_1_152' title='bbox 2475 2297 2743 2385; x_wconf 79' lang='grc' dir='ltr'><strong><em>ἄρεμένα</em></strong></span> <span class='ocrx_word' id='word_1_153' title='bbox 2826 2267 2830 2364; x_wconf 33' lang='grc' dir='ltr'>ζ</span> 
     </span>
     <span class='ocr_line' id='line_1_20' title="bbox 552 2396 2834 2503; baseline 0 -40"><span class='ocrx_word' id='word_1_154' title='bbox 552 2396 750 2481; x_wconf 79' lang='grc' dir='ltr'>ἔστω,</span> <span class='ocrx_word' id='word_1_155' title='bbox 808 2397 1168 2465; x_wconf 79' lang='lat' dir='ltr'><strong>Phocicum</strong></span> <span class='ocrx_word' id='word_1_156' title='bbox 1209 2400 1535 2481; x_wconf 79' lang='grc' dir='ltr'><strong><em>τεθεμένος</em></strong></span> <span class='ocrx_word' id='word_1_157' title='bbox 1577 2424 1996 2488; x_wconf 83' lang='lat' dir='ltr'><strong>comparans,</strong></span> <span class='ocrx_word' id='word_1_158' title='bbox 2057 2400 2138 2464; x_wconf 87' lang='lat' dir='ltr'><strong>de</strong></span> <span class='ocrx_word' id='word_1_159' title='bbox 2182 2424 2315 2491; x_wconf 87' lang='lat' dir='ltr'><strong>quo</strong></span> <span class='ocrx_word' id='word_1_160' title='bbox 2356 2400 2494 2465; x_wconf 81' lang='lat' dir='ltr'><strong>vid.</strong></span> <span class='ocrx_word' id='word_1_161' title='bbox 2541 2400 2740 2466; x_wconf 77' lang='lat' dir='ltr'><strong>iufra.</strong></span> <span class='ocrx_word' id='word_1_162' title='bbox 2832 2463 2834 2503; x_wconf 25' lang='lat'>1</span> 
     </span>
     <span class='ocr_line' id='line_1_21' title="bbox 551 2499 2743 2592; baseline 0.001 -25"><span class='ocrx_word' id='word_1_163' title='bbox 551 2499 694 2567; x_wconf 88' lang='lat' dir='ltr'><strong>Nos</strong></span> <span class='ocrx_word' id='word_1_164' title='bbox 749 2500 941 2566; x_wconf 79' lang='lat' dir='ltr'><strong>valde</strong></span> <span class='ocrx_word' id='word_1_165' title='bbox 996 2500 1368 2569; x_wconf 76' lang='lat' dir='ltr'><strong>dubitamus</strong></span> <span class='ocrx_word' id='word_1_166' title='bbox 1423 2526 1548 2569; x_wconf 88' lang='lat' dir='ltr'><strong>uec</strong></span> <span class='ocrx_word' id='word_1_167' title='bbox 1593 2502 1922 2569; x_wconf 88' lang='lat' dir='ltr'><strong>credimus</strong></span> <span class='ocrx_word' id='word_1_168' title='bbox 1963 2514 2383 2592; x_wconf 77' lang='lat' dir='ltr'><strong>augmentum</strong></span> <span class='ocrx_word' id='word_1_169' title='bbox 2424 2503 2743 2570; x_wconf 86' lang='lat' dir='ltr'><strong>omissum</strong></span> 
     </span>
     <span class='ocr_line' id='line_1_22' title="bbox 554 2603 1318 2694; baseline 0.001 -26"><span class='ocrx_word' id='word_1_170' title='bbox 554 2603 715 2670; x_wconf 88' lang='lat' dir='ltr'><strong>satis</strong></span> <span class='ocrx_word' id='word_1_171' title='bbox 760 2604 1061 2669; x_wconf 86' lang='lat' dir='ltr'><strong>excusari</strong></span> <span class='ocrx_word' id='word_1_172' title='bbox 1100 2628 1318 2694; x_wconf 88' lang='lat' dir='ltr'><strong>posse.</strong></span> 
     </span>
    </p>

    <p class='ocr_par' dir='ltr' id='par_1_9' title="bbox 555 2704 2747 3612">
     <span class='ocr_line' id='line_1_23' title="bbox 724 2704 2743 2796; baseline 0.001 -27"><span class='ocrx_word' id='word_1_173' title='bbox 724 2711 861 2770; x_wconf 77' lang='grc' dir='ltr'><strong>ἵκω</strong></span> <span class='ocrx_word' id='word_1_174' title='bbox 902 2730 1023 2796; x_wconf 89' lang='lat' dir='ltr'><strong>pro</strong></span> <span class='ocrx_word' id='word_1_175' title='bbox 1069 2705 1203 2785; x_wconf 82' lang='grc' dir='ltr'><strong>ἥκω</strong></span> <span class='ocrx_word' id='word_1_176' title='bbox 1244 2705 1564 2772; x_wconf 87' lang='lat' dir='ltr'><strong>Doricum</strong></span> <span class='ocrx_word' id='word_1_177' title='bbox 1609 2718 1709 2773; x_wconf 84' lang='lat' dir='ltr'><strong>est</strong></span> <span class='ocrx_word' id='word_1_178' title='bbox 1764 2704 1899 2771; x_wconf 84' lang='lat' dir='ltr'><strong>vid.</strong></span> <span class='ocrx_word' id='word_1_179' title='bbox 1947 2704 2011 2788; x_wconf 67' lang='grc' dir='ltr'><strong>ἕ.</strong></span> <span class='ocrx_word' id='word_1_180' title='bbox 2059 2705 2183 2789; x_wconf 77' lang='grc'><strong>22,</strong></span> <span class='ocrx_word' id='word_1_181' title='bbox 2228 2707 2308 2789; x_wconf 79' lang='grc'><strong>2,</strong></span> <span class='ocrx_word' id='word_1_182' title='bbox 2373 2705 2480 2772; x_wconf 81' lang='lat' dir='ltr'><strong>vel</strong></span> <span class='ocrx_word' id='word_1_183' title='bbox 2522 2706 2743 2794; x_wconf 82' lang='lat' dir='ltr'><strong>potius</strong></span> 
     </span>
     <span class='ocr_line' id='line_1_24' title="bbox 555 2806 2746 2899; baseline 0.002 -29"><span class='ocrx_word' id='word_1_184' title='bbox 555 2812 702 2871; x_wconf 76' lang='grc' dir='ltr'><em>εἵκω</em></span> <span class='ocrx_word' id='word_1_185' title='bbox 729 2858 750 2885; x_wconf 87' lang='grc'>,</span> <span class='ocrx_word' id='word_1_186' title='bbox 820 2808 891 2873; x_wconf 91' lang='lat' dir='ltr'><strong>id</strong></span> <span class='ocrx_word' id='word_1_187' title='bbox 946 2809 1123 2897; x_wconf 89' lang='lat' dir='ltr'><strong>quod</strong></span> <span class='ocrx_word' id='word_1_188' title='bbox 1179 2833 1355 2874; x_wconf 90' lang='lat' dir='ltr'><strong>nunc</strong></span> <span class='ocrx_word' id='word_1_189' title='bbox 1410 2808 1656 2875; x_wconf 81' lang='lat' dir='ltr'><strong>rectius</strong></span> <span class='ocrx_word' id='word_1_190' title='bbox 1710 2806 2169 2899; x_wconf 83' lang='lat' dir='ltr'><strong>perspicimus.</strong></span> <span class='ocrx_word' id='word_1_191' title='bbox 2275 2806 2512 2898; x_wconf 86' lang='lat' dir='ltr'><strong>Neque</strong></span> <span class='ocrx_word' id='word_1_192' title='bbox 2571 2808 2746 2874; x_wconf 87' lang='lat' dir='ltr'><strong>enim</strong></span> 
     </span>
     <span class='ocr_line' id='line_1_25' title="bbox 556 2898 2746 3001; baseline 0.002 -29"><span class='ocrx_word' id='word_1_193' title='bbox 556 2907 770 2974; x_wconf 90' lang='lat' dir='ltr'><strong>solum</strong></span> <span class='ocrx_word' id='word_1_194' title='bbox 813 2910 984 3000; x_wconf 88' lang='lat' dir='ltr'><strong>apud</strong></span> <span class='ocrx_word' id='word_1_195' title='bbox 1032 2911 1498 3000; x_wconf 88' lang='lat' dir='ltr'><strong>Epicharmum</strong></span> <span class='ocrx_word' id='word_1_196' title='bbox 1551 2898 1636 2975; x_wconf 71' lang='lat' dir='ltr'><strong>fr.</strong></span> <span class='ocrx_word' id='word_1_197' title='bbox 1683 2910 1764 2976; x_wconf 86' lang='lat'><strong>19</strong></span> <span class='ocrx_word' id='word_1_198' title='bbox 1806 2908 2134 2974; x_wconf 80' lang='lat' dir='ltr'><strong>Athenaei</strong></span> <span class='ocrx_word' id='word_1_199' title='bbox 2173 2908 2333 2974; x_wconf 82' lang='lat' dir='ltr'><strong>libri</strong></span> <span class='ocrx_word' id='word_1_200' title='bbox 2378 2918 2522 2975; x_wconf 78' lang='grc' dir='ltr'><em>εἵκω</em></span> <span class='ocrx_word' id='word_1_201' title='bbox 2555 2935 2746 3001; x_wconf 71' lang='grc' dir='ltr'><strong>Ρηε·</strong></span> 
     </span>
     <span class='ocr_line' id='line_1_26' title="bbox 555 3008 2747 3100; baseline 0.001 -26"><span class='ocrx_word' id='word_1_202' title='bbox 555 3008 715 3075; x_wconf 91' lang='lat' dir='ltr'><strong>bent</strong></span> <span class='ocrx_word' id='word_1_203' title='bbox 756 3021 821 3075; x_wconf 87' lang='lat' dir='ltr'><strong>et</strong></span> <span class='ocrx_word' id='word_1_204' title='bbox 863 3012 947 3077; x_wconf 83' lang='lat' dir='ltr'><strong>fr.</strong></span> <span class='ocrx_word' id='word_1_205' title='bbox 996 3014 1080 3080; x_wconf 77' lang='lat'><strong>24</strong></span> <span class='ocrx_word' id='word_1_206' title='bbox 1127 3016 1291 3078; x_wconf 75' lang='grc' dir='ltr'><strong><em>εἰκαι</em></strong></span> <span class='ocrx_word' id='word_1_207' title='bbox 1334 3012 1380 3078; x_wconf 92' lang='lat' dir='ltr'><strong>i.</strong></span> <span class='ocrx_word' id='word_1_208' title='bbox 1410 3036 1470 3078; x_wconf 90' lang='lat' dir='ltr'><strong>e.</strong></span> <span class='ocrx_word' id='word_1_209' title='bbox 1519 3013 1639 3077; x_wconf 79' lang='grc' dir='ltr'><strong>εἷκε</strong></span> <span class='ocrx_word' id='word_1_210' title='bbox 1682 3015 1832 3094; x_wconf 90' lang='lat' dir='ltr'><strong>(uec</strong></span> <span class='ocrx_word' id='word_1_211' title='bbox 1873 3011 2095 3078; x_wconf 88' lang='lat' dir='ltr'><strong>minus</strong></span> <span class='ocrx_word' id='word_1_212' title='bbox 2126 3010 2371 3100; x_wconf 82' lang='lat' dir='ltr'><strong>Sapph.</strong></span> <span class='ocrx_word' id='word_1_213' title='bbox 2412 3012 2482 3094; x_wconf 81' lang='lat'><strong>2,</strong></span> <span class='ocrx_word' id='word_1_214' title='bbox 2516 3011 2560 3079; x_wconf 88' lang='grc'>8</span> <span class='ocrx_word' id='word_1_215' title='bbox 2592 3010 2747 3077; x_wconf 85' lang='lat' dir='ltr'><strong>libri</strong></span> 
     </span>
     <span class='ocr_line' id='line_1_27' title="bbox 559 3113 2747 3205; baseline 0.002 -30"><span class='ocrx_word' id='word_1_216' title='bbox 559 3113 771 3190; x_wconf 76' lang='grc' dir='ltr'><strong>εἴκει),</strong></span> <span class='ocrx_word' id='word_1_217' title='bbox 818 3114 935 3180; x_wconf 90' lang='lat' dir='ltr'><strong>sed</strong></span> <span class='ocrx_word' id='word_1_218' title='bbox 984 3115 1177 3181; x_wconf 85' lang='lat' dir='ltr'><strong>etiam</strong></span> <span class='ocrx_word' id='word_1_219' title='bbox 1221 3116 1289 3180; x_wconf 89' lang='lat' dir='ltr'><strong>iu</strong></span> <span class='ocrx_word' id='word_1_220' title='bbox 1334 3114 1530 3181; x_wconf 87' lang='lat' dir='ltr'><strong>titulo</strong></span> <span class='ocrx_word' id='word_1_221' title='bbox 1573 3113 1922 3204; x_wconf 87' lang='lat' dir='ltr'><strong>sepulcrali</strong></span> <span class='ocrx_word' id='word_1_222' title='bbox 1945 3113 2342 3205; x_wconf 77' lang='lat' dir='ltr'><strong>Aeginetico</strong></span> <span class='ocrx_word' id='word_1_223' title='bbox 2390 3113 2603 3181; x_wconf 77' lang='lat' dir='ltr'><strong>bonae</strong></span> <span class='ocrx_word' id='word_1_224' title='bbox 2648 3137 2747 3179; x_wconf 86' lang='lat' dir='ltr'><strong>ae-</strong></span> 
     </span>
     <span class='ocr_line' id='line_1_28' title="bbox 557 3212 2743 3307; baseline 0.002 -31"><span class='ocrx_word' id='word_1_225' title='bbox 557 3212 712 3278; x_wconf 81' lang='lat' dir='ltr'><strong>tatis</strong></span> <span class='ocrx_word' id='word_1_226' title='bbox 754 3239 855 3280; x_wconf 87' lang='lat' dir='ltr'><strong>nr.</strong></span> <span class='ocrx_word' id='word_1_227' title='bbox 901 3217 1096 3303; x_wconf 78' lang='lat'><strong>2140,</strong></span> <span class='ocrx_word' id='word_1_228' title='bbox 1135 3218 1179 3283; x_wconf 93' lang='lat' dir='ltr'><strong>b</strong></span> <span class='ocrx_word' id='word_1_229' title='bbox 1210 3215 1266 3304; x_wconf 77' lang='lat'><strong>⁶)</strong></span> <span class='ocrx_word' id='word_1_230' title='bbox 1315 3219 1561 3297; x_wconf 76' lang='grc' dir='ltr'><strong><em>συνείκη</em></strong></span> <span class='ocrx_word' id='word_1_231' title='bbox 1605 3217 1850 3305; x_wconf 79' lang='lat' dir='ltr'><strong>legitur</strong></span> <span class='ocrx_word' id='word_1_232' title='bbox 1889 3216 1940 3281; x_wconf 92' lang='lat' dir='ltr'><strong>i.</strong></span> <span class='ocrx_word' id='word_1_233' title='bbox 1985 3242 2043 3283; x_wconf 88' lang='lat' dir='ltr'><strong>e.</strong></span> <span class='ocrx_word' id='word_1_234' title='bbox 2092 3214 2407 3307; x_wconf 86' lang='lat' dir='ltr'><strong>prosit,</strong></span> <span class='ocrx_word' id='word_1_235' title='bbox 2468 3239 2743 3307; x_wconf 82' lang='lat' dir='ltr'><strong>quocum</strong></span> 
     </span>
     <span class='ocr_line' id='line_1_29' title="bbox 560 3314 2742 3409; baseline 0.002 -32"><span class='ocrx_word' id='word_1_236' title='bbox 560 3314 1085 3383; x_wconf 87' lang='lat' dir='ltr'><strong>commodissime</strong></span> <span class='ocrx_word' id='word_1_237' title='bbox 1147 3320 1553 3409; x_wconf 85' lang='lat' dir='ltr'><strong>comparabis</strong></span> <span class='ocrx_word' id='word_1_238' title='bbox 1624 3319 1944 3408; x_wconf 74' lang='lat' dir='ltr'><strong>Hesycbii</strong></span> <span class='ocrx_word' id='word_1_239' title='bbox 2019 3319 2303 3407; x_wconf 74' lang='lat' dir='ltr'><strong>glossam</strong></span> <span class='ocrx_word' id='word_1_240' title='bbox 2381 3321 2742 3400; x_wconf 77' lang='grc' dir='ltr'><strong>συνείκη,</strong></span> 
     </span>
     <span class='ocr_line' id='line_1_30' title="bbox 565 3413 2743 3509; baseline 0.005 -32"><span class='ocrx_word' id='word_1_241' title='bbox 565 3413 886 3499; x_wconf 77' lang='grc' dir='ltr'><strong>συμφέρει.</strong></span> <span class='ocrx_word' id='word_1_242' title='bbox 977 3417 1078 3482; x_wconf 87' lang='lat' dir='ltr'><strong>Ea</strong></span> <span class='ocrx_word' id='word_1_243' title='bbox 1121 3418 1296 3485; x_wconf 90' lang='lat' dir='ltr'><strong>enim</strong></span> <span class='ocrx_word' id='word_1_244' title='bbox 1342 3431 1444 3486; x_wconf 86' lang='lat' dir='ltr'><strong>est</strong></span> <span class='ocrx_word' id='word_1_245' title='bbox 1470 3421 1720 3488; x_wconf 87' lang='lat' dir='ltr'><strong>codicis</strong></span> <span class='ocrx_word' id='word_1_246' title='bbox 1748 3421 1968 3498; x_wconf 91' lang='lat' dir='ltr'><strong>lectio,</strong></span> <span class='ocrx_word' id='word_1_247' title='bbox 2014 3445 2211 3509; x_wconf 84' lang='lat' dir='ltr'><strong>quam</strong></span> <span class='ocrx_word' id='word_1_248' title='bbox 2239 3419 2558 3486; x_wconf 88' lang='lat' dir='ltr'><strong>Musurus</strong></span> <span class='ocrx_word' id='word_1_249' title='bbox 2587 3420 2743 3487; x_wconf 80' lang='lat' dir='ltr'><strong>male</strong></span> 
     </span>
     <span class='ocr_line' id='line_1_31' title="bbox 562 3514 2743 3612; baseline 0.004 -33"><span class='ocrx_word' id='word_1_250' title='bbox 562 3514 634 3580; x_wconf 91' lang='lat' dir='ltr'><strong>iu</strong></span> <span class='ocrx_word' id='word_1_251' title='bbox 684 3515 934 3593; x_wconf 77' lang='grc' dir='ltr'><strong><em>συνήκει</em></strong></span> <span class='ocrx_word' id='word_1_252' title='bbox 976 3519 1247 3587; x_wconf 81' lang='lat' dir='ltr'><strong>mutavit</strong></span> <span class='ocrx_word' id='word_1_253' title='bbox 1287 3521 1624 3588; x_wconf 89' lang='lat' dir='ltr'><strong>literarum</strong></span> <span class='ocrx_word' id='word_1_254' title='bbox 1652 3523 1924 3612; x_wconf 89' lang='lat' dir='ltr'><strong>insuper</strong></span> <span class='ocrx_word' id='word_1_255' title='bbox 1954 3522 2185 3588; x_wconf 89' lang='lat' dir='ltr'><strong>ordine</strong></span> <span class='ocrx_word' id='word_1_256' title='bbox 2209 3523 2430 3608; x_wconf 76' lang='lat' dir='ltr'><strong>laeso3</strong></span> <span class='ocrx_word' id='word_1_257' title='bbox 2475 3534 2588 3588; x_wconf 89' lang='lat' dir='ltr'><strong>aut</strong></span> <span class='ocrx_word' id='word_1_258' title='bbox 2616 3547 2743 3587; x_wconf 77' lang='lat' dir='ltr'><strong>um·</strong></span> 
     </span>
    </p>
   </div>
   <div class='ocr_carea' id='block_1_3' title="bbox 562 3725 2741 4150">
    <p class='ocr_par' dir='ltr' id='par_1_10' title="bbox 562 3725 2741 4150">
     <span class='ocr_line' id='line_1_32' title="bbox 632 3725 2741 3803; baseline -0 -20"><span class='ocrx_word' id='word_1_259' title='bbox 632 3730 692 3790; x_wconf 82' lang='lat'><strong>6)</strong></span> <span class='ocrx_word' id='word_1_260' title='bbox 762 3729 885 3784; x_wconf 90' lang='lat' dir='ltr'><strong>Nos</strong></span> <span class='ocrx_word' id='word_1_261' title='bbox 922 3729 1145 3785; x_wconf 81' lang='lat' dir='ltr'><strong>titulum</strong></span> <span class='ocrx_word' id='word_1_262' title='bbox 1180 3731 1237 3784; x_wconf 89' lang='lat' dir='ltr'><strong>in</strong></span> <span class='ocrx_word' id='word_1_263' title='bbox 1276 3730 1424 3784; x_wconf 88' lang='lat' dir='ltr'><strong>hunc</strong></span> <span class='ocrx_word' id='word_1_264' title='bbox 1465 3729 1684 3789; x_wconf 83' lang='lat' dir='ltr'><strong>modum</strong></span> <span class='ocrx_word' id='word_1_265' title='bbox 1735 3731 1998 3800; x_wconf 84' lang='lat' dir='ltr'><strong>legimus:</strong></span> <span class='ocrx_word' id='word_1_266' title='bbox 2053 3730 2126 3801; x_wconf 76' lang='grc' dir='ltr'><strong>μὴ</strong></span> <span class='ocrx_word' id='word_1_267' title='bbox 2172 3729 2371 3797; x_wconf 72' lang='grc' dir='ltr'><strong><em>ἄνοιγε·</em></strong></span> <span class='ocrx_word' id='word_1_268' title='bbox 2424 3727 2491 3784; x_wconf 82' lang='grc' dir='ltr'><strong>οὗ</strong></span> <span class='ocrx_word' id='word_1_269' title='bbox 2537 3728 2641 3803; x_wconf 74' lang='grc' dir='ltr'><strong>γὰρ</strong></span> <span class='ocrx_word' id='word_1_270' title='bbox 2679 3725 2741 3797; x_wconf 73' lang='grc' dir='ltr'><strong>μὴ</strong></span> 
     </span>
     <span class='ocr_line' id='line_1_33' title="bbox 562 3812 2738 3890; baseline 0.004 -25"><span class='ocrx_word' id='word_1_271' title='bbox 562 3817 764 3883; x_wconf 63' lang='lat' dir='ltr'><strong>curtim]</strong></span> <span class='ocrx_word' id='word_1_272' title='bbox 829 3837 914 3871; x_wconf 78' lang='grc' dir='ltr'><strong>τοι</strong></span> <span class='ocrx_word' id='word_1_273' title='bbox 976 3817 1140 3873; x_wconf 71' lang='grc' dir='ltr'><strong><em>ἄλλον</em></strong></span> <span class='ocrx_word' id='word_1_274' title='bbox 1189 3837 1309 3870; x_wconf 68' lang='lat' dir='ltr'><strong>twa</strong></span> <span class='ocrx_word' id='word_1_275' title='bbox 1358 3820 1609 3871; x_wconf 74' lang='grc' dir='ltr'><strong><em>κατθὲντι</em></strong></span> <span class='ocrx_word' id='word_1_276' title='bbox 1657 3819 1706 3877; x_wconf 74' lang='grc' dir='ltr'><strong>ἐς</strong></span> <span class='ocrx_word' id='word_1_277' title='bbox 1749 3817 1954 3871; x_wconf 71' lang='grc' dir='ltr'><strong><em>ταύταν</em></strong></span> <span class='ocrx_word' id='word_1_278' title='bbox 2001 3816 2101 3871; x_wconf 82' lang='grc' dir='ltr'><strong>τάν</strong></span> <span class='ocrx_word' id='word_1_279' title='bbox 2154 3818 2323 3890; x_wconf 70' lang='grc' dir='ltr'><strong>σορόν.</strong></span> <span class='ocrx_word' id='word_1_280' title='bbox 2411 3816 2516 3884; x_wconf 73' lang='grc' dir='ltr'><strong>α(ἶ)</strong></span> <span class='ocrx_word' id='word_1_281' title='bbox 2565 3818 2620 3870; x_wconf 77' lang='grc' dir='ltr'><strong>δὲ</strong></span> <span class='ocrx_word' id='word_1_282' title='bbox 2663 3812 2738 3883; x_wconf 63' lang='grc' dir='ltr'><strong>μή,</strong></span> 
     </span>
     <span class='ocr_line' id='line_1_34' title="bbox 566 3898 2736 3975; baseline 0.002 -25"><span class='ocrx_word' id='word_1_283' title='bbox 566 3898 678 3966; x_wconf 58' lang='lat' dir='ltr'><strong>(omit</strong></span> <span class='ocrx_word' id='word_1_284' title='bbox 715 3900 880 3955; x_wconf 77' lang='grc' dir='ltr'><strong><em>αὐτὸν</em></strong></span> <span class='ocrx_word' id='word_1_285' title='bbox 914 3903 1143 3975; x_wconf 52' lang='lat' dir='ltr'><strong>alermi.</strong></span> <span class='ocrx_word' id='word_1_286' title='bbox 1217 3905 1552 3959; x_wconf 85' lang='lat' dir='ltr'><strong>Boeckhius</strong></span> <span class='ocrx_word' id='word_1_287' title='bbox 1589 3907 1892 3975; x_wconf 80' lang='grc' dir='ltr'><strong>συν(εν)ει’κη</strong></span> <span class='ocrx_word' id='word_1_288' title='bbox 1929 3905 2125 3971; x_wconf 77' lang='lat' dir='ltr'><strong>dedit,</strong></span> <span class='ocrx_word' id='word_1_289' title='bbox 2186 3905 2339 3972; x_wconf 90' lang='lat' dir='ltr'><strong>quod</strong></span> <span class='ocrx_word' id='word_1_290' title='bbox 2374 3920 2448 3957; x_wconf 87' lang='lat' dir='ltr'><strong>ne</strong></span> <span class='ocrx_word' id='word_1_291' title='bbox 2484 3903 2736 3958; x_wconf 66' lang='lat' dir='ltr'><strong>Doricum</strong></span> 
     </span>
     <span class='ocr_line' id='line_1_35' title="bbox 567 3987 2734 4066; baseline 0.001 -28"><span class='ocrx_word' id='word_1_292' title='bbox 567 3987 797 4052; x_wconf 85' lang='lat' dir='ltr'><strong>quidem</strong></span> <span class='ocrx_word' id='word_1_293' title='bbox 836 4006 958 4043; x_wconf 88' lang='lat' dir='ltr'><strong>esse</strong></span> <span class='ocrx_word' id='word_1_294' title='bbox 992 3992 1213 4044; x_wconf 79' lang='lat' dir='ltr'><strong>videtur</strong></span> <span class='ocrx_word' id='word_1_295' title='bbox 1251 4008 1358 4061; x_wconf 81' lang='lat' dir='ltr'><strong>pro</strong></span> <span class='ocrx_word' id='word_1_296' title='bbox 1394 3994 1656 4066; x_wconf 75' lang='grc' dir='ltr'><strong><em>συνενέγκῃ</em></strong></span> <span class='ocrx_word' id='word_1_297' title='bbox 1695 3991 1806 4046; x_wconf 87' lang='lat' dir='ltr'><strong>vid.</strong></span> <span class='ocrx_word' id='word_1_298' title='bbox 1842 3992 1975 4045; x_wconf 86' lang='lat' dir='ltr'><strong>infr.</strong></span> <span class='ocrx_word' id='word_1_299' title='bbox 2013 4007 2056 4044; x_wconf 92' lang='lat' dir='ltr'><strong>s.</strong></span> <span class='ocrx_word' id='word_1_300' title='bbox 2096 4007 2147 4042; x_wconf 87' lang='lat' dir='ltr'><strong>v.</strong></span> <span class='ocrx_word' id='word_1_301' title='bbox 2181 3992 2340 4064; x_wconf 73' lang='grc' dir='ltr'><em>φέρως</em></span> <span class='ocrx_word' id='word_1_302' title='bbox 2390 3988 2607 4044; x_wconf 86' lang='lat' dir='ltr'><strong>deinde</strong></span> <span class='ocrx_word' id='word_1_303' title='bbox 2640 3988 2734 4044; x_wconf 79' lang='lat' dir='ltr'><strong>sine</strong></span> 
     </span>
     <span class='ocr_line' id='line_1_36' title="bbox 569 4074 2736 4150; baseline 0.001 -26"><span class='ocrx_word' id='word_1_304' title='bbox 569 4088 735 4125; x_wconf 83' lang='lat' dir='ltr'><strong>causa</strong></span> <span class='ocrx_word' id='word_1_305' title='bbox 768 4077 842 4142; x_wconf 77' lang='grc' dir='ltr'><strong>τῷ</strong></span> <span class='ocrx_word' id='word_1_306' title='bbox 877 4074 1069 4144; x_wconf 69' lang='grc' dir='ltr'><strong>ἄλλον,</strong></span> <span class='ocrx_word' id='word_1_307' title='bbox 1119 4089 1231 4131; x_wconf 88' lang='lat' dir='ltr'><strong>tum</strong></span> <span class='ocrx_word' id='word_1_308' title='bbox 1270 4078 1378 4144; x_wconf 81' lang='grc' dir='ltr'>(σ)ύ</span> <span class='ocrx_word' id='word_1_309' title='bbox 1415 4088 1609 4133; x_wconf 80' lang='lat' dir='ltr'><strong>contra</strong></span> <span class='ocrx_word' id='word_1_310' title='bbox 1645 4078 1977 4145; x_wconf 74' lang='lat' dir='ltr'><strong>dialectum3</strong></span> <span class='ocrx_word' id='word_1_311' title='bbox 2024 4090 2309 4148; x_wconf 84' lang='lat' dir='ltr'><strong>postremo</strong></span> <span class='ocrx_word' id='word_1_312' title='bbox 2344 4074 2576 4150; x_wconf 69' lang='grc' dir='ltr'><strong>αἰτιάσῃ.</strong></span> <span class='ocrx_word' id='word_1_313' title='bbox 2644 4075 2736 4130; x_wconf 74' lang='lat' dir='ltr'><strong>Nos</strong></span> 
     </span>
    </p>
   </div>
   <div class='ocr_carea' id='block_1_4' title="bbox 570 4159 2742 4319">
    <p class='ocr_par' dir='ltr' id='par_1_11' title="bbox 570 4159 2742 4319">
     <span class='ocr_line' id='line_1_37' title="bbox 570 4159 2742 4234; baseline 0.001 -22"><span class='ocrx_word' id='word_1_314' title='bbox 570 4167 627 4213; x_wconf 75' lang='lat' dir='ltr'><strong>et</strong></span> <span class='ocrx_word' id='word_1_315' title='bbox 679 4159 951 4215; x_wconf 84' lang='lat' dir='ltr'><strong>Doricum</strong></span> <span class='ocrx_word' id='word_1_316' title='bbox 1006 4175 1292 4217; x_wconf 79' lang='lat' dir='ltr'><strong>accentum</strong></span> <span class='ocrx_word' id='word_1_317' title='bbox 1348 4165 1690 4219; x_wconf 80' lang='lat' dir='ltr'><strong>restituimus</strong></span> <span class='ocrx_word' id='word_1_318' title='bbox 1737 4182 1917 4233; x_wconf 88' lang='lat' dir='ltr'><strong>neque</strong></span> <span class='ocrx_word' id='word_1_319' title='bbox 1965 4165 2081 4220; x_wconf 81' lang='lat' dir='ltr'><strong>iota</strong></span> <span class='ocrx_word' id='word_1_320' title='bbox 2126 4163 2505 4234; x_wconf 80' lang='lat' dir='ltr'><strong>subscriptum</strong></span> <span class='ocrx_word' id='word_1_321' title='bbox 2553 4163 2742 4219; x_wconf 84' lang='lat' dir='ltr'><strong>addere</strong></span> 
     </span>
     <span class='ocr_line' id='line_1_38' title="bbox 570 4245 1742 4319; baseline 0.006 -20"><span class='ocrx_word' id='word_1_322' title='bbox 570 4245 690 4301; x_wconf 84' lang='lat' dir='ltr'><strong>ausi</strong></span> <span class='ocrx_word' id='word_1_323' title='bbox 728 4262 938 4317; x_wconf 78' lang='lat' dir='ltr'><strong>sumuS,</strong></span> <span class='ocrx_word' id='word_1_324' title='bbox 977 4248 1049 4304; x_wconf 77' lang='lat' dir='ltr'><strong>de</strong></span> <span class='ocrx_word' id='word_1_325' title='bbox 1082 4266 1192 4317; x_wconf 82' lang='lat' dir='ltr'><strong>qua</strong></span> <span class='ocrx_word' id='word_1_326' title='bbox 1231 4268 1292 4304; x_wconf 81' lang='lat' dir='ltr'><strong>re</strong></span> <span class='ocrx_word' id='word_1_327' title='bbox 1328 4251 1442 4305; x_wconf 86' lang='lat' dir='ltr'><strong>vid.</strong></span> <span class='ocrx_word' id='word_1_328' title='bbox 1482 4253 1525 4319; x_wconf 83' lang='lat'><strong>§.</strong></span> <span class='ocrx_word' id='word_1_329' title='bbox 1566 4254 1653 4319; x_wconf 85' lang='lat'><strong>37,</strong></span> <span class='ocrx_word' id='word_1_330' title='bbox 1691 4254 1742 4309; x_wconf 90' lang='grc'><strong>6.</strong></span> 
     </span>
    </p>
   </div>
  </div>
 </body>
</html>
