2875 5000
581 397 649 490 §.
689 398 810 473 42.
877 399 993 471 De
1027 396 1539 496 conjugatione
1573 400 1929 475 anomala.
2201 399 2355 482 345

149 598 307 662 elam
350 607 463 663 aut
501 596 799 682 συμφέρει
836 596 1252 664 scribendum
1296 621 1442 665 esse
1483 609 1770 687 apparet.
1857 596 2005 664 Jam
2041 621 2196 665 vero
2229 601 2354 667 hoe

148 700 432 768 verbnm
493 702 752 764 συνείκει
807 723 980 766 novo
1024 723 1149 765 usu
1192 723 1313 790 pro
1373 700 1675 787 συμφέρει
1732 698 2018 787 positum
2078 701 2160 766 ad
2219 702 2353 779 ἥκω

151 804 261 869 vel
322 808 439 866 ἵκω
495 801 825 892 pertinere
884 801 1111 868 Latini
1164 802 1572 868 convenit·
1628 802 2022 890 comparatio
2082 804 2351 889 evincit,

154 928 377 995 neque
420 903 696 983 καθήκει
739 915 807 970 et
827 904 1130 986 προςήκει
1172 904 1359 970 valde
1403 901 1793 970 dissimilem
1818 916 2201 994 potestatem
2243 908 2354 972 ha·

151 1007 285 1072 het.
358 1008 588 1096 Itaque
627 1006 700 1072 in
747 1006 1034 1098 genuina
1072 1005 1324 1071 Doride
1367 1028 1404 1070 e
1446 1004 1667 1070 radice
1705 1007 1827 1071 ‘IK
1864 1031 2176 1095 praesens
2203 1014 2353 1074 εἵκω

150 1111 406 1175 faetnm
448 1119 584 1194 est,
649 1119 723 1173 nt
764 1111 949 1173 λείπω
991 1117 1058 1173 et
1096 1110 1297 1173 πείθω
1340 1132 1377 1174 e
1421 1112 1609 1173 AIH
1644 1118 1710 1175 et
1756 1116 1947 1176 ΠΙΘ.
2006 1146 2089 1156 -
2152 1110 2355 1176 Futu-

155 1236 297 1278 rum
361 1212 538 1287 ἱξεῗτε
596 1221 697 1277 est
736 1210 1027 1276 Acharn.
1074 1210 1244 1296 7083
1309 1210 1487 1276 Pers.
1552 1216 1857 1289 ἵκαντι,
1920 1218 2128 1277 ἵκουσι
2183 1211 2355 1302 apud

149 1313 564 1402 Hesychium
609 1336 743 1378 non
787 1310 1228 1402 spernendum
1290 1324 1432 1398 est,
1496 1314 1724 1379 nescio
1779 1314 1956 1380 enim
2010 1338 2094 1378 an
2140 1339 2356 1403 gram..

149 1416 438 1481 maticus
483 1415 556 1479 in
585 1414 767 1480 Anu.
804 1413 977 1479 Oxx.
1005 1414 1067 1497 Ι,
1093 1414 1246 1498 212,
1276 1413 1366 1482 27
1401 1437 1714 1502 praesens
1758 1415 1895 1493 ἥκω
1937 1425 2113 1481 reete
2146 1441 2183 1482 e
2207 1440 2353 1506 per-

147 1518 326 1584 feeto
373 1515 596 1583 natum
630 1516 1053 1603 judicaverit.
1102 1554 1185 1565 —-
1248 1514 1617 1602 Suhjeetivi
1654 1516 1819 1582 Aor.
1847 1517 1914 1581 11
1956 1529 2060 1585 est
2101 1517 2352 1601 ἱκόμαν.

323 1622 583 1702 ἴσαμι.
672 1619 900 1705 Hujus
966 1616 1155 1683 verbi
1214 1617 1458 1684 Doridi
1526 1618 1883 1709 peculiaris
1913 1623 2009 1701 ⁷),
2080 1621 2257 1712 quod
2314 1645 2351 1687 e

36 1753 39 1788 {
153 1722 433 1812 perfecti
480 1720 618 1787 οἶδα
663 1721 852 1787 tertia
892 1721 1138 1812 plurali
1183 1721 1394 1806 ἴσασι,
1441 1720 1606 1786 Dor.
1641 1722 1846 1788 ἴσαντι
1889 1733 1953 1788 et·
1976 1722 2355 1813 plusquam-

154 1824 491 1916 perfeeti'
475 1828 619 1889 ι’σαν
656 1824 1027 1914 pullulasse
1067 1822 1369 1908 videtur,
1442 1825 1602 1890 haee
1658 1821 2126 1890 inclinamenta
2167 1849 2355 1915 repe·

38 1937 43 1994 ’ζ
148 1928 457 1993 riantur·

299 2027 525 2095 Indie.
557 2026 732 2116 sing.
766 2029 829 2094 1.
876 2029 1056 2111 ἴσαμι
1083 2028 1139 2107 7)
1184 2026 1426 2119 Epieh.
1472 2027 1559 2096 98
1617 2051 1698 2094 ex
1738 2024 2190 2094 emendatione
2225 2052 2357 2096 ιιο-

963 2142 1122 2212 stra,
1153 2129 1352 2195 Pind.
1371 2130 1451 2195 P.
1473 2129 1600 2215 IV,
1616 2131 1768 2215 148,
1804 2129 2085 2196 Theoer.
2090 2128 2182 2215 V,
2203 2127 2351 2196 119.

755 2234 823 2301 2.
874 2233 1043 2308 ίσαις
1099 2233 1208 2299 vel
1266 2234 1410 2314 ι’σᾳς
1454 2232 1737 2301 Theoer.
1784 2232 1980 2315 XIV,
2026 2234 2153 2317 34,
2217 2232 2351 2299 vid.

962 2338 1027 2420 ξ.
1075 2336 1196 2417 39,
1245 2337 1307 2401 1.

759 2437 822 2503 3.
872 2436 1039 2502 &aaa
1078 2436 1295 2504 Brutt.
1320 2486 1341 2522 ,
1388 2436 1677 2505 Theoer.
1723 2435 1881 2517 XV,
1930 2439 2081 2507 146.
2301 2477 2306 2482 ’

554 2540 726 2629 ΡΙιιι·.
762 2541 827 2606 1.
875 2541 1090 2622 ι’σᾶμεν
1128 2541 1330 2607 Pind.
1378 2540 1467 2608 N.
1518 2540 1688 2626 Vll,
1737 2541 1820 2609 14
1874 2542 2115 2632 (magis
2156 2539 2354 2608 Dori-

953 2665 1103 2707 cum
1148 2654 1325 2709 esset
1364 2647 1632 2725 ἴσαμες).

759 2747 823 2813 2.
873 2745 1044 2810 ἴσατε
1085 2743 1157 2810 in
1189 2744 1537 2811 Periandri
1579 2745 1856 2834 epistola
1889 2743 2094 2836 Πίος.
2127 2744 2349 2811 Laert.

763 2948 890 3016 3.'
875 2951 1074 3014 ἴσαντι
1095 2949 1335 3041 Epieh.
1359 2948 1474 3034 26,
1518 2949 1801 3017 Theoer.
1832 2950 1993 3034 XV,
2020 2950 2132 3035 64,
2176 2934 2355 3041 qnod

962 3075 1172 3144 aequo
1206 3052 1362 3138 jure
1407 3052 1490 3118 ad
1535 3052 1677 3118 οἶδα
1719 3053 1888 3119 trahi
1929 3063 2169 3143 potest.

327 3150 682 3240 Conjunet.
728 3152 904 3242 plur.
953 3154 1017 3220 3.
1066 3156 1268 3218 ἴσαντι
1314 3153 1496 3220 Cret.
1544 3155 1735 3222 3053.

326 3255 580 3320 Infinit.
629 3253 887 3337 ἰσάμεν,
934 3279 1128 3346 quam
1172 3256 1445 3321 formam
1489 3256 1867 3344 colligimus
1906 3281 1988 3323 ex
2029 3257 2355 3347 Hesychii

152 3357 391 3447 glossa
444 3356 916 3441 γισάμεναι,
975 3357 1234 3441 emebat,
1295 3380 1492 3447 quam
1534 3359 2094 3449 interpretamenti
2131 3363 2353 3429 termi-

78 3525 82 3529 <
151 3460 427 3526 natione
473 3459 673 3525 ascita
716 3484 755 3524 e
791 3458 1068 3542 Γισάμεν
1109 3471 1476 3549 corruptam
1521 3472 1864 3552 putamuS,
1910 3464 1997 3527 cf.
2046 3463 2111 3545 ξ.
2144 3463 2253 3545 39,
2284 3463 2349 3529 5.

325 3561 639 3627 Partie.
701 3564 843 3637 ἴσας
872 3561 927 3650 7)
986 3573 1051 3629 et
1108 3586 1259 3629 eum
1312 3565 1773 3632 terminatione
1817 3564 2140 3631 Lesbiaea
2184 3567 2354 3640 ἴσαις

256 3767 317 3824 7)
407 3761 660 3832 Hesycb.
716 3760 890 3826 ἴσαμι,
944 3761 1257 3826 ἐπὶσταμαν
1311 3760 1649 3833 Συρακόσιοι.
1730 3760 2008 3814 Doricum
2060 3761 2276 3818 dicitur
2317 3780 2353 3820 a

154 3847 440 3902 choerob.
480 3849 537 3900 in
576 3848 794 3920 Theod.
835 3850 969 3915 894,
1007 3852 1076 3904 27
1114 3850 1280 3916 (Ann.
1320 3849 1473 3902 Oxx.
1511 3848 1620 3910 lv,
1660 3851 1795 3910 390,
1831 3848 1924 3905 Et.
1961 3849 2043 3903 Μ.
2082 3853 2219 3918 476,
2258 3854 2351 3917 29)

152 3935 253 3990 ubi
293 3933 527 3988 additur
563 3934 807 3988 Theocr.
849 3934 927 4003 V,
973 3939 1104 4000 119,
1143 3935 1349 3989 deinde
1386 3935 1561 3989 Drac.
1599 3937 1700 4000 49,
1742 3938 1843 4002 17,
1879 3935 1969 3989 Et.
2008 3937 2089 3990 Μ.
2129 3940 2226 4003 43,
2268 3943 2351 3993 11.

151 4051 220 4062 —
296 4021 492 4089 Apoll.
544 4021 618 4075 de
653 4022 779 4075 adv.
819 4026 943 4089 587,
981 4025 1031 4077 8.
1104 4025 1207 4076 ἔδει
1259 4012 1352 4075 οὖν
1401 4023 1490 4074 καὶ
1538 4020 1690 4095 παρὰ
1740 4021 1805 4076 τὸ
1850 4023 2048 4087 ἴσαμι
2087 4023 2152 4079 τὸ
2198 4025 2350 4086 ionic

149 4115 316 4176 εἶναι*
371 4121 495 4175 ἀλλ’
543 4124 655 4177 ἐπεὶ
700 4120 846 4183 ἅπαξ
895 4125 953 4178 αἱ
997 4125 1066 4186 εἷς
1110 4113 1211 4186 {a}
1247 4124 1502 4196 λήγουσαι
1544 4128 1767 4191 μετοχαὶ
1807 4125 2159 4199 βαρύνονται,
2212 4133 2285 4196 τῷ
2315 4133 2350 4182 ’ἱ

150 4210 617 4284 παραληγόμεναε,
672 4214 912 4279 γεμίσας,
965 4211 1204 4281 Zeuxidae,
1268 4216 1544 4281 λακτίσας,
1601 4216 1936 4288 συνεξέδραμε
1986 4216 2076 4268 καὶ
2116 4212 2153 4284 ἦ
2201 4217 2349 4275 ἴσας

147 4315 260 4358 τοις
293 4317 565 4358 commone.
