2875 5000
518 458 666 539 128
1324 461 1439 534 De
1483 456 1882 541 vocalibus,

517 668 692 733 ha'ud
729 665 1108 755 ignorarent
1124 711 1145 746 ,
1189 685 1321 753 quo
1364 663 1675 731 rusticius
1717 663 1922 729 oratio
1964 670 2248 727 sonaret.
2338 657 2529 725 Adeo
2575 681 2717 724 cre·

519 768 718 834 dibile
763 777 864 832 est
881 814 903 849 ,
943 764 1406 854 hyper-doricas
1449 762 1771 851 ejusmodi
1811 765 2052 830 formas
2093 787 2173 830 eo
2214 774 2534 852 tempore,
2582 783 2718 851 quo

521 870 811 958 vulgaris
890 868 1116 955 lingua
1179 867 1451 956 patriam
1517 866 1864 932 dialectum
1927 865 2294 956 opprimere
2340 861 2718 952 coepisset,
2842 924 2843 953 ¹

522 971 815 1061 ipsorum
859 966 1283 1034 Doriensiuin
1327 967 1552 1033 oribus
1602 967 1748 1058 ipso
1790 967 2127 1032 Atthidem
2167 964 2455 1032 evitandi
2497 963 2722 1029 studio
2842 986 2843 1069 ᾗ

523 1083 867 1162 usurpatas
910 1092 1055 1135 esse
1084 1074 1165 1146 2).
1255 1068 1449 1135 Unde
1479 1071 1719 1135 factum
1748 1082 1887 1152 est,
1931 1069 2226 1134 ut-etiam
2253 1066 2470 1150 tituli,
2510 1089 2722 1154 quan·
2842 1076 2843 1117 ἰ

526 1197 720 1263 quam
761 1172 1027 1261 puriore
1069 1171 1347 1237 dialecto
1407 1171 1502 1237 uti
1550 1171 1802 1254 solent,
1869 1169 2185 1236 nonnulla
2247 1168 2394 1255 ejus
2451 1167 2722 1256 generis
2842 1254 2843 1257 Ἴ

524 1274 921 1364 praebeant,
988 1273 1389 1361 grammatici
1446 1273 1505 1338 si
1557 1296 1684 1363 qua
1742 1274 1980 1339 similia
2023 1295 2143 1362 pro
2187 1269 2452 1336 Derieis
2494 1266 2725 1334 vendi·

526 1387 664 1441 tunt
683 1423 704 1459 ,
770 1386 881 1440 aut
939 1399 975 1440 e
1039 1373 1253 1465 plebis
1310 1398 1423 1440 ore
1487 1384 1595 1438 aut
1655 1398 1695 1438 e
1754 1374 2183 1464 scriptoribus
2243 1369 2725 1437 recentioribus
2844 1446 2845 1463 χ

528 1480 907 1543 hauserunt.
1009 1476 1174 1542 Utut
1214 1486 1353 1558 est,
1421 1475 1881 1542 Bucolicorum
1938 1486 2005 1540 et
2057 1474 2323 1539 Pseudo
2345 1512 2368 1525 -
2391 1472 2728 1561 Pythago-
2844 1470 2845 1553 ἶ

529 1600 788 1645 reorum
808 1627 830 1662 ,
898 1577 1014 1667 qui
1067 1578 1519 1668 hyper-doricis
1578 1577 1805 1644 formis
1863 1586 2150 1660 scatent,
2215 1576 2287 1640 in
2338 1575 2464 1639 hoc
2506 1573 2728 1663 capite

530 1680 756 1746 nullus
810 1702 972 1744 usus
1022 1664 1155 1756 est,
1226 1679 1357 1745 nisi
1412 1679 1591 1769 quod
1629 1678 1966 1744 Theocriti
2009 1676 2244 1767 Idyllia
2288 1674 2734 1761 Λωρικώτερα

530 1783 591 1864 (l
614 1781 841 1847 -XL
909 1779 1357 1847 XIII—XV.
1417 1780 1681 1861 xvlll)
1746 1780 2120 1869 ubicunqne
2177 1778 2444 1866 vulgare
2490 1804 2525 1854 η
2572 1799 2733 1841 cum

533 1884 895 1950 constantia
936 1882 1211 1973 quadam
1252 1882 1574 1966 retinent,
1646 1882 1925 1970 aliquam
1968 1882 2163 1949 fidem
2206 1889 2585 1964 merentur,
2655 1877 2732 1941 in

534 1988 703 2052 hanc
745 1987 920 2051 euim
965 1994 1213 2074 purtem
1254 1983 1333 2048 ah
1375 1983 1522 2074 ipso
1584 1991 1776 2074 poeta
1834 1984 2059 2048 minus
2092 1982 2351 2048 videtur
2384 1988 2731 2069 peccatum
2846 2010 2847 2035 ι

533 2111 704 2153 esse.
752 2126 833 2137 --
897 2087 977 2150 In
1020 2085 1437 2167 Archimedis
1479 2084 1666 2151 libris
1690 2135 1712 2170 ,
1758 2096 1831 2151 ut
1870 2110 2046 2152 nunc
2088 2084 2439 2173 leguntur,
2485 2080 2732 2147 multae
2846 2108 2847 2111 ¹

533 2189 837 2277 vulgares
880 2187 1124 2252 formae
1168 2198 1380 2272 sunt,
1422 2210 1666 2277 paucae
1712 2187 2201 2277 hyperdoricae.

703 2288 1025 2376 Majorem
1077 2288 1271 2354 fidem
1313 2288 1584 2357 Pindari
1637 2288 2031 2355 carminibus
2071 2288 2310 2353 hahere
2349 2287 2548 2371 lieet,
2614 2287 2735 2377 qui

537 2414 737 2483 quum
795 2391 1105 2457 dialectos
1159 2390 1467 2457 Doricam
1486 2440 1508 2475 ,
1573 2390 1949 2457 Lesbiacam
1971 2442 1985 2463 ‚
2023 2389 2305 2480 ⁴epicam
2363 2388 2733 2475 miscuerit,

537 2493 793 2577 omnia,
863 2517 1286 2584 quaecunque
1345 2499 1385 2558 ἆ
1438 2518 1561 2583 pro
1618 2522 1656 2572 η
1714 2493 1952 2559 hahent
1971 2540 1992 2577 ,
2057 2518 2093 2558 e
2137 2490 2387 2568 Doride
2429 2491 2737 2560 hausisse

511 2596 895 2664 ‘existimari
936 2605 1192 2685 potest,
1233 2594 1512 2684 quacum
1534 2595 1764 2661 Aeolis
1808 2595 1878 2661 in
1920 2597 2045 2660 hoc
2086 2595 2232 2660 loco
2275 2592 2446 2658 nihil
2485 2592 2734 2661 differt.
2848 2615 2849 2658 f

538 2698 990 2789 Hyperdorica
1031 2719 1244 2784 neque
1289 2703 1515 2786 poetae
1559 2697 1747 2762 aetati
1790 2697 2185 2764 conveniunt
2224 2707 2329 2780 et,
2383 2695 2443 2760 si
2482 2718 2621 2784 qua
2666 2697 2736 2763 in

539 2800 730 2867 libris
771 2798 1225 2888 reperiuntur,
1293 2807 1405 2864 aut
1446 2798 1700 2888 pridem
1741 2794 2025 2875 librariis
2067 2800 2375 2889 imputata
2421 2807 2582 2862 sunt
2622 2811 2740 2864 tut

538 2900 771 2966 iisdem
815 2900 986 2965 infra
1027 2898 1550 2966 vindicabuntur.
1660 2899 1875 2989 Magis
1916 2901 2221 2966 dubitare
2253 2900 2408 2965 licet
2447 2923 2533 2964 an
2581 2900 2738 2966 suh-

540 3002 696 3070 iude
735 3001 1031 3069 Ionicum
1078 3029 1116 3079 η
1160 3025 1241 3066 ex
1283 3002 1468 3093 epiea
1512 3001 1787 3068 dialecto
1830 3003 2131 3069 asciverit
2148 3051 2169 3087 ,
2228 2990 2410 3093 quae*
2436 3003 2740 3093 suspicio

536 3107 660 3169 nec
702 3128 823 3194 per
861 3128 933 3169 se
977 3103 1256 3172 absurda
1296 3116 1397 3170 est
1439 3115 1507 3170 et
1545 3104 1861 3194 exemplis
1902 3104 2238 3182 nonnullis
2280 3104 2739 3189 confirmatur,

538 3204 649 3269 uhi
683 3230 854 3271 usus
898 3206 1258 3282 constantia
1293 3213 1522 3295 poctae
1560 3206 1771 3297 ipsius
1812 3231 2075 3273 manum
2116 3216 2451 3273 monstrat.
2554 3207 2741 3272 Rara

536 3317 751 3372 umen
807 3318 962 3372 sunt
1014 3307 1167 3372 talia
1186 3356 1208 3391 ,
1279 3319 1352 3373 ut
1403 3332 1538 3374 non
1582 3308 1856 3373 multum
1901 3307 2172 3374 erraturi
2214 3308 2418 3373 simus
2441 3353 2465 3391 ,
2536 3307 2603 3373 si
2664 3335 2737 3386 η,

540 3405 916 3495 ubicunque
961 3431 997 3472 a
1023 3408 1311 3474 Pindaro
1345 3421 1641 3476 servatur
1679 3433 1893 3499 neque
1935 3409 2194 3474 aliunde
2238 3409 2361 3476 alia
2403 3399 2743 3492 constant,

538 3506 779 3574 Doridi
845 3508 1264 3575 ascribamus.
1379 3511 1813 3600 Reliquorum
1872 3511 2222 3600 lyricorum
2285 3510 2603 3599 reliquiae
2676 3522 2746 3577 et

538 3608 1011 3699 tragoediarum
1058 3611 1305 3677 cantica
1346 3612 1795 3702 hyperdoricis
1855 3611 2233 3677 commentis
2275 3611 2610 3677 rarissime
2659 3611 2746 3678 li·

537 3710 903 3777 hrariorum
926 3759 948 3796 ,
992 3712 1254 3802 saepius
1300 3711 1620 3779 editorum
1663 3737 1857 3803 prava
1899 3712 2239 3779 sedulitate
2283 3716 2506 3780 ornata
2550 3725 2744 3780 sunt.

542 3813 630 3878 Et
673 3814 905 3878 horum
946 3814 1210 3905 quidem
1253 3815 1585 3883 erroribus
1626 3816 1890 3883 silentio
1930 3813 2329 3880 transmissis
2368 3815 2543 3882 haud
2586 3838 2750 3881 raro

603 4068 668 4130 2)
740 4066 868 4120 Non
905 4065 1076 4120 aliter
1111 4083 1241 4134 eos,
1317 4069 1416 4137 qui
1456 4071 1683 4125 Sessico
1734 4029 2002 4124 idiomate
2040 4078 2298 4135 utuntur,
2368 4084 2514 4121 nunc
2565 4084 2750 4139 saepe

545 4152 972 4222 pronuntiantes
1006 4153 1295 4211 audiveris
1341 4159 1430 4210 det
1467 4161 1649 4212 Avens
1686 4158 1722 4211 i.
1762 4176 1810 4210 e.
1846 4159 1944 4211 des
1979 4157 2233 4221 Abends,
2288 4155 2489 4210 literae
2532 4169 2562 4208 s
2616 4171 2746 4209 mu-

545 4239 753 4377 {latione
801 4238 1023 4295 Sassica
1071 4242 1220 4296 male
1256 4254 1312 4298 et
1346 4243 1737 4315 hypersassice
1772 4244 1839 4297 ad
1881 4242 2119 4310 genitivi
2158 4242 2602 4324 terminationem
2637 4241 2750 4294 ad-

584 4325 741 4379 ibina.
