<?xml version="1.0" encoding="UTF-8"?>
<!DOCTYPE html PUBLIC "-//W3C//DTD XHTML 1.0 Transitional//EN"
    "http://www.w3.org/TR/xhtml1/DTD/xhtml1-transitional.dtd">
<html xmlns="http://www.w3.org/1999/xhtml" xml:lang="en" lang="en">
 <head>
  <title>
</title>
<meta http-equiv="Content-Type" content="text/html;charset=utf-8" />
  <meta name='ocr-system' content='tesseract 3.04.00' />
  <meta name='ocr-capabilities' content='ocr_page ocr_carea ocr_par ocr_line ocrx_word'/>
</head>
<body>
  <div class='ocr_page' id='page_1' title='image "./degraecaelingua00unkngoog_0587.png"; bbox 0 0 2875 5000; ppageno 0'>
   <div class='ocr_carea' id='block_1_1' title="bbox 792 394 2385 474">
    <p class='ocr_par' dir='ltr' id='par_1_1' title="bbox 792 394 2385 474">
     <span class='ocr_line' id='line_1_1' title="bbox 792 394 2385 474; baseline 0.002 -6"><span class='ocrx_word' id='word_1_1' title='bbox 792 394 913 468; x_wconf 85' lang='lat' dir='ltr'><strong>Ad</strong></span> <span class='ocrx_word' id='word_1_2' title='bbox 959 394 1286 470; x_wconf 84' lang='lat' dir='ltr'><strong>Librum</strong></span> <span class='ocrx_word' id='word_1_3' title='bbox 1344 394 1782 470; x_wconf 79' lang='lat' dir='ltr'><strong>Secundum.</strong></span> <span class='ocrx_word' id='word_1_4' title='bbox 2234 397 2385 474; x_wconf 71' lang='lat'><strong>567</strong></span> 
     </span>
    </p>
   </div>
   <div class='ocr_carea' id='block_1_2' title="bbox 156 597 2378 769">
    <p class='ocr_par' dir='ltr' id='par_1_2' title="bbox 156 597 2378 769">
     <span class='ocr_line' id='line_1_2' title="bbox 157 597 2378 711; baseline 0.001 -47"><span class='ocrx_word' id='word_1_5' title='bbox 157 600 197 664; x_wconf 87' lang='lat'><strong>1</strong></span> <span class='ocrx_word' id='word_1_6' title='bbox 232 645 259 681; x_wconf 83' lang='lat'>,</span> <span class='ocrx_word' id='word_1_7' title='bbox 349 598 707 683; x_wconf 71' lang='grc' dir='ltr'>ἄφηρωῖξαι</span> <span class='ocrx_word' id='word_1_8' title='bbox 758 598 1002 687; x_wconf 71' lang='lat' dir='ltr'><strong>legitur</strong></span> <span class='ocrx_word' id='word_1_9' title='bbox 1062 599 1135 663; x_wconf 88' lang='lat' dir='ltr'><strong>in</strong></span> <span class='ocrx_word' id='word_1_10' title='bbox 1191 597 1498 689; x_wconf 75' lang='lat' dir='ltr'>plurimis</span> <span class='ocrx_word' id='word_1_11' title='bbox 1563 597 1769 664; x_wconf 79' lang='lat' dir='ltr'><strong>titulis</strong></span> <span class='ocrx_word' id='word_1_12' title='bbox 1825 598 2145 668; x_wconf 77' lang='lat' dir='ltr'><strong>&#39;Pheraeis</strong></span> <span class='ocrx_word' id='word_1_13' title='bbox 2205 600 2378 711; x_wconf 71' lang='lat' dir='ltr'><strong>apud</strong></span> 
     </span>
     <span class='ocr_line' id='line_1_3' title="bbox 156 700 1069 769; baseline 0.001 -3"><span class='ocrx_word' id='word_1_14' title='bbox 156 701 496 768; x_wconf 88' lang='lat' dir='ltr'><strong>Rossium</strong></span> <span class='ocrx_word' id='word_1_15' title='bbox 556 726 659 766; x_wconf 91' lang='lat' dir='ltr'><strong>nr.</strong></span> <span class='ocrx_word' id='word_1_16' title='bbox 705 700 1069 769; x_wconf 73' lang='lat'><strong>203-218.</strong></span> 
     </span>
    </p>
   </div>
   <div class='ocr_carea' id='block_1_3' title="bbox 155 827 2377 1125">
    <p class='ocr_par' dir='ltr' id='par_1_3' title="bbox 155 827 2377 1125">
     <span class='ocr_line' id='line_1_4' title="bbox 346 827 2377 898; baseline 0.001 -4"><span class='ocrx_word' id='word_1_17' title='bbox 346 827 559 895; x_wconf 82' lang='lat' dir='ltr'><strong>lbid.</strong></span> <span class='ocrx_word' id='word_1_18' title='bbox 623 854 741 895; x_wconf 86' lang='lat' dir='ltr'><strong>nr.</strong></span> <span class='ocrx_word' id='word_1_19' title='bbox 787 829 851 897; x_wconf 92' lang='grc'><strong>8.</strong></span> <span class='ocrx_word' id='word_1_20' title='bbox 942 829 1023 896; x_wconf 89' lang='grc' dir='ltr'><strong>Ιιι</strong></span> <span class='ocrx_word' id='word_1_21' title='bbox 1065 829 1259 894; x_wconf 81' lang='lat' dir='ltr'><strong>titulo</strong></span> <span class='ocrx_word' id='word_1_22' title='bbox 1302 827 1625 894; x_wconf 89' lang='lat' dir='ltr'><strong>Alaesino</strong></span> <span class='ocrx_word' id='word_1_23' title='bbox 1667 828 1800 894; x_wconf 85' lang='lat' dir='ltr'><strong>iota</strong></span> <span class='ocrx_word' id='word_1_24' title='bbox 1843 830 2159 896; x_wconf 83' lang='lat' dir='ltr'><strong>omissum</strong></span> <span class='ocrx_word' id='word_1_25' title='bbox 2207 843 2377 898; x_wconf 83' lang='lat' dir='ltr'><strong>aeta-</strong></span> 
     </span>
     <span class='ocr_line' id='line_1_5' title="bbox 155 929 2375 1023; baseline 0.002 -26"><span class='ocrx_word' id='word_1_26' title='bbox 155 932 259 997; x_wconf 85' lang='lat' dir='ltr'><strong>tis</strong></span> <span class='ocrx_word' id='word_1_27' title='bbox 303 932 508 998; x_wconf 79' lang='lat' dir='ltr'><strong>fuerit</strong></span> <span class='ocrx_word' id='word_1_28' title='bbox 549 942 621 998; x_wconf 87' lang='lat' dir='ltr'><strong>ut</strong></span> <span class='ocrx_word' id='word_1_29' title='bbox 662 932 733 996; x_wconf 86' lang='lat' dir='ltr'><strong>in</strong></span> <span class='ocrx_word' id='word_1_30' title='bbox 777 931 1081 1022; x_wconf 76' lang='lat' dir='ltr'><strong>Astypal.</strong></span> <span class='ocrx_word' id='word_1_31' title='bbox 1116 929 1313 1015; x_wconf 83' lang='grc'><strong>2485,</strong></span> <span class='ocrx_word' id='word_1_32' title='bbox 1360 931 1479 1020; x_wconf 87' lang='lat' dir='ltr'><strong>qui</strong></span> <span class='ocrx_word' id='word_1_33' title='bbox 1524 954 1582 995; x_wconf 90' lang='lat' dir='ltr'><strong>a.</strong></span> <span class='ocrx_word' id='word_1_34' title='bbox 1622 930 1743 997; x_wconf 86' lang='lat'><strong>105</strong></span> <span class='ocrx_word' id='word_1_35' title='bbox 1786 956 1845 996; x_wconf 87' lang='lat' dir='ltr'><strong>a.</strong></span> <span class='ocrx_word' id='word_1_36' title='bbox 1881 931 2038 997; x_wconf 86' lang='lat' dir='ltr'><strong>Chr.</strong></span> <span class='ocrx_word' id='word_1_37' title='bbox 2090 935 2375 1023; x_wconf 85' lang='lat' dir='ltr'><strong>scriptus</strong></span> 
     </span>
     <span class='ocr_line' id='line_1_6' title="bbox 155 1028 2377 1125; baseline 0.001 -25"><span class='ocrx_word' id='word_1_38' title='bbox 155 1046 296 1100; x_wconf 89' lang='lat' dir='ltr'><strong>est.</strong></span> <span class='ocrx_word' id='word_1_39' title='bbox 413 1033 513 1099; x_wconf 90' lang='lat' dir='ltr'><strong>Ea</strong></span> <span class='ocrx_word' id='word_1_40' title='bbox 572 1028 749 1099; x_wconf 77' lang='lat' dir='ltr'><strong>enim</strong></span> <span class='ocrx_word' id='word_1_41' title='bbox 809 1043 1014 1098; x_wconf 84' lang='lat' dir='ltr'><strong>aetate</strong></span> <span class='ocrx_word' id='word_1_42' title='bbox 1075 1032 1248 1099; x_wconf 89' lang='lat' dir='ltr'><strong>illud</strong></span> <span class='ocrx_word' id='word_1_43' title='bbox 1303 1033 1755 1123; x_wconf 75' lang='lat' dir='ltr'><strong>negligentiae</strong></span> <span class='ocrx_word' id='word_1_44' title='bbox 1816 1057 2028 1121; x_wconf 78' lang='lat' dir='ltr'><strong>genus</strong></span> <span class='ocrx_word' id='word_1_45' title='bbox 2094 1037 2377 1125; x_wconf 79' lang='lat' dir='ltr'><strong>grassari</strong></span> 
     </span>
    </p>
   </div>
   <div class='ocr_carea' id='block_1_4' title="bbox 154 1135 1760 1227">
    <p class='ocr_par' dir='ltr' id='par_1_4' title="bbox 154 1135 1760 1227">
     <span class='ocr_line' id='line_1_7' title="bbox 154 1135 1760 1227; baseline -0.002 -25"><span class='ocrx_word' id='word_1_46' title='bbox 154 1148 479 1227; x_wconf 87' lang='lat' dir='ltr'><strong>coeperat</strong></span> <span class='ocrx_word' id='word_1_47' title='bbox 525 1136 659 1203; x_wconf 79' lang='lat' dir='ltr'><strong>vid.</strong></span> <span class='ocrx_word' id='word_1_48' title='bbox 708 1135 945 1200; x_wconf 89' lang='lat' dir='ltr'><strong>Franz.</strong></span> <span class='ocrx_word' id='word_1_49' title='bbox 995 1135 1232 1226; x_wconf 78' lang='lat' dir='ltr'><strong>Epigr.</strong></span> <span class='ocrx_word' id='word_1_50' title='bbox 1300 1160 1369 1224; x_wconf 92' lang='lat' dir='ltr'><strong>p.</strong></span> <span class='ocrx_word' id='word_1_51' title='bbox 1418 1135 1567 1201; x_wconf 85' lang='lat'><strong>155.</strong></span> <span class='ocrx_word' id='word_1_52' title='bbox 1615 1137 1760 1202; x_wconf 80' lang='grc'><strong>233.</strong></span> 
     </span>
    </p>
   </div>
   <div class='ocr_carea' id='block_1_5' title="bbox 155 1261 2376 1464">
    <p class='ocr_par' dir='ltr' id='par_1_5' title="bbox 155 1261 2376 1464">
     <span class='ocr_line' id='line_1_8' title="bbox 343 1261 2376 1353; baseline 0.001 -23"><span class='ocrx_word' id='word_1_53' title='bbox 343 1265 453 1330; x_wconf 88' lang='lat' dir='ltr'><strong>Pa</strong></span> <span class='ocrx_word' id='word_1_54' title='bbox 474 1289 539 1353; x_wconf 78' lang='lat' dir='ltr'><strong>g.</strong></span> <span class='ocrx_word' id='word_1_55' title='bbox 589 1261 710 1330; x_wconf 83' lang='lat'><strong>191</strong></span> <span class='ocrx_word' id='word_1_56' title='bbox 772 1262 823 1329; x_wconf 93' lang='lat' dir='ltr'><strong>l.</strong></span> <span class='ocrx_word' id='word_1_57' title='bbox 871 1263 977 1330; x_wconf 90' lang='grc'><strong>18.</strong></span> <span class='ocrx_word' id='word_1_58' title='bbox 1069 1264 1320 1329; x_wconf 91' lang='lat' dir='ltr'><strong>Eodem</strong></span> <span class='ocrx_word' id='word_1_59' title='bbox 1367 1261 1753 1330; x_wconf 80' lang='lat' dir='ltr'><strong>Huschkius</strong></span> <span class='ocrx_word' id='word_1_60' title='bbox 1799 1266 1880 1330; x_wconf 93' lang='lat' dir='ltr'><strong>de</strong></span> <span class='ocrx_word' id='word_1_61' title='bbox 1924 1266 2149 1332; x_wconf 89' lang='lat' dir='ltr'><strong>Annio</strong></span> <span class='ocrx_word' id='word_1_62' title='bbox 2195 1266 2376 1332; x_wconf 85' lang='lat' dir='ltr'><strong>Cim·</strong></span> 
     </span>
     <span class='ocr_line' id='line_1_9' title="bbox 155 1363 2368 1464; baseline 0.001 -32"><span class='ocrx_word' id='word_1_63' title='bbox 155 1366 289 1432; x_wconf 83' lang='lat' dir='ltr'><strong>bro</strong></span> <span class='ocrx_word' id='word_1_64' title='bbox 331 1391 401 1458; x_wconf 88' lang='lat' dir='ltr'><strong>p.</strong></span> <span class='ocrx_word' id='word_1_65' title='bbox 435 1366 516 1432; x_wconf 88' lang='lat'><strong>31</strong></span> <span class='ocrx_word' id='word_1_66' title='bbox 563 1365 792 1431; x_wconf 84' lang='lat' dir='ltr'><strong>retulit</strong></span> <span class='ocrx_word' id='word_1_67' title='bbox 829 1369 996 1450; x_wconf 77' lang='grc' dir='ltr'><strong>πᾶς,</strong></span> <span class='ocrx_word' id='word_1_68' title='bbox 1044 1365 1238 1464; x_wconf 23' lang='lat' dir='ltr'><strong>quod*</strong></span> <span class='ocrx_word' id='word_1_69' title='bbox 1267 1367 1338 1430; x_wconf 93' lang='lat' dir='ltr'><strong>in</strong></span> <span class='ocrx_word' id='word_1_70' title='bbox 1383 1366 1496 1429; x_wconf 88' lang='lat' dir='ltr'><strong>Et.</strong></span> <span class='ocrx_word' id='word_1_71' title='bbox 1541 1363 1639 1432; x_wconf 89' lang='grc' dir='ltr'><strong>Μ.</strong></span> <span class='ocrx_word' id='word_1_72' title='bbox 1687 1367 1850 1458; x_wconf 76' lang='grc'><strong>651,</strong></span> <span class='ocrx_word' id='word_1_73' title='bbox 1897 1370 1941 1434; x_wconf 89' lang='grc'>4</span> <span class='ocrx_word' id='word_1_74' title='bbox 1986 1379 2051 1433; x_wconf 86' lang='lat' dir='ltr'><strong>et</strong></span> <span class='ocrx_word' id='word_1_75' title='bbox 2093 1369 2203 1433; x_wconf 86' lang='lat' dir='ltr'><strong>Et.</strong></span> <span class='ocrx_word' id='word_1_76' title='bbox 2250 1369 2368 1435; x_wconf 85' lang='lat' dir='ltr'><strong>Or.</strong></span> 
     </span>
    </p>
   </div>
   <div class='ocr_carea' id='block_1_6' title="bbox 157 1465 2375 1661">
    <p class='ocr_par' dir='ltr' id='par_1_6' title="bbox 157 1465 2375 1661">
     <span class='ocr_line' id='line_1_10' title="bbox 158 1465 2368 1561; baseline 0.002 -28"><span class='ocrx_word' id='word_1_77' title='bbox 158 1468 342 1552; x_wconf 85' lang='lat'><strong>136,</strong></span> <span class='ocrx_word' id='word_1_78' title='bbox 391 1470 473 1535; x_wconf 88' lang='grc'><strong>15</strong></span> <span class='ocrx_word' id='word_1_79' title='bbox 535 1465 572 1534; x_wconf 85' lang='lat' dir='ltr'><strong>a</strong></span> <span class='ocrx_word' id='word_1_80' title='bbox 619 1468 1058 1560; x_wconf 75' lang='lat' dir='ltr'>Syracusanis</span> <span class='ocrx_word' id='word_1_81' title='bbox 1113 1493 1235 1561; x_wconf 87' lang='lat' dir='ltr'><strong>pro</strong></span> <span class='ocrx_word' id='word_1_82' title='bbox 1292 1467 1497 1552; x_wconf 80' lang='grc' dir='ltr'><em>πατήρ</em></span> <span class='ocrx_word' id='word_1_83' title='bbox 1561 1468 1808 1533; x_wconf 87' lang='lat' dir='ltr'><strong>dictum</strong></span> <span class='ocrx_word' id='word_1_84' title='bbox 1861 1493 2007 1535; x_wconf 88' lang='lat' dir='ltr'><strong>esse</strong></span> <span class='ocrx_word' id='word_1_85' title='bbox 2067 1471 2368 1537; x_wconf 81' lang='lat' dir='ltr'><strong>traditur.</strong></span> 
     </span>
     <span class='ocr_line' id='line_1_11' title="bbox 157 1569 2375 1661; baseline 0.001 -24"><span class='ocrx_word' id='word_1_86' title='bbox 157 1569 347 1638; x_wconf 81' lang='lat' dir='ltr'><strong>Male</strong></span> <span class='ocrx_word' id='word_1_87' title='bbox 391 1581 609 1636; x_wconf 84' lang='lat' dir='ltr'><strong>tamen</strong></span> <span class='ocrx_word' id='word_1_88' title='bbox 657 1595 808 1637; x_wconf 90' lang='lat' dir='ltr'><strong>cum</strong></span> <span class='ocrx_word' id='word_1_89' title='bbox 849 1570 1290 1638; x_wconf 80' lang='lat' dir='ltr'><strong>Valckenario</strong></span> <span class='ocrx_word' id='word_1_90' title='bbox 1334 1571 1417 1636; x_wconf 90' lang='lat' dir='ltr'><strong>ad</strong></span> <span class='ocrx_word' id='word_1_91' title='bbox 1463 1569 1780 1636; x_wconf 66' lang='lat' dir='ltr'><strong>Herodot‘.</strong></span> <span class='ocrx_word' id='word_1_92' title='bbox 1827 1570 1952 1636; x_wconf 88' lang='lat' dir='ltr'><strong>IV.</strong></span> <span class='ocrx_word' id='word_1_93' title='bbox 2018 1597 2086 1661; x_wconf 95' lang='grc' dir='ltr'><strong>Ρ.</strong></span> <span class='ocrx_word' id='word_1_94' title='bbox 2138 1572 2267 1640; x_wconf 86' lang='grc'><strong>307</strong></span> <span class='ocrx_word' id='word_1_95' title='bbox 2310 1584 2375 1640; x_wconf 88' lang='lat' dir='ltr'><strong>et</strong></span> 
     </span>
    </p>
   </div>
   <div class='ocr_carea' id='block_1_7' title="bbox 161 1671 2519 1763">
    <p class='ocr_par' dir='ltr' id='par_1_7' title="bbox 161 1671 2519 1763">
     <span class='ocr_line' id='line_1_12' title="bbox 161 1671 2519 1763; baseline 0.002 -25"><span class='ocrx_word' id='word_1_96' title='bbox 161 1673 251 1738; x_wconf 84' lang='lat' dir='ltr'><strong>ad</strong></span> <span class='ocrx_word' id='word_1_97' title='bbox 309 1673 533 1739; x_wconf 89' lang='lat' dir='ltr'><strong>Adon.</strong></span> <span class='ocrx_word' id='word_1_98' title='bbox 608 1698 672 1763; x_wconf 92' lang='grc' dir='ltr'><strong>Ρ.</strong></span> <span class='ocrx_word' id='word_1_99' title='bbox 719 1674 848 1742; x_wconf 81' lang='grc'><strong>382</strong></span> <span class='ocrx_word' id='word_1_100' title='bbox 901 1676 994 1737; x_wconf 75' lang='grc' dir='ltr'><strong>πᾶ</strong></span> <span class='ocrx_word' id='word_1_101' title='bbox 1048 1673 1250 1739; x_wconf 78' lang='lat' dir='ltr'>scribi</span> <span class='ocrx_word' id='word_1_102' title='bbox 1304 1672 1536 1760; x_wconf 83' lang='lat' dir='ltr'><strong>jubet·</strong></span> <span class='ocrx_word' id='word_1_103' title='bbox 1624 1698 1789 1738; x_wconf 90' lang='lat' dir='ltr'><strong>nam</strong></span> <span class='ocrx_word' id='word_1_104' title='bbox 1832 1673 1911 1738; x_wconf 87' lang='lat' dir='ltr'><strong>de</strong></span> <span class='ocrx_word' id='word_1_105' title='bbox 1967 1675 2372 1743; x_wconf 86' lang='lat' dir='ltr'><strong>nomina-tivo</strong></span> <span class='ocrx_word' id='word_1_106' title='bbox 2512 1671 2519 1676; x_wconf 65' lang='grc'><strong>’</strong></span> 
     </span>
    </p>
   </div>
   <div class='ocr_carea' id='block_1_8' title="bbox 161 1775 2366 1868">
    <p class='ocr_par' dir='ltr' id='par_1_8' title="bbox 161 1775 2366 1868">
     <span class='ocr_line' id='line_1_13' title="bbox 161 1775 2366 1868; baseline 0.001 -29"><span class='ocrx_word' id='word_1_107' title='bbox 161 1779 338 1855; x_wconf 78' lang='grc' dir='ltr'><strong>πᾶς,</strong></span> <span class='ocrx_word' id='word_1_108' title='bbox 404 1800 551 1865; x_wconf 75' lang='lat' dir='ltr'><strong>gen.</strong></span> <span class='ocrx_word' id='word_1_109' title='bbox 600 1780 692 1840; x_wconf 77' lang='grc' dir='ltr'><strong>πᾶ</strong></span> <span class='ocrx_word' id='word_1_110' title='bbox 735 1787 990 1843; x_wconf 87' lang='lat' dir='ltr'><strong>constat</strong></span> <span class='ocrx_word' id='word_1_111' title='bbox 1043 1788 1375 1866; x_wconf 88' lang='lat' dir='ltr'><strong>praeterea</strong></span> <span class='ocrx_word' id='word_1_112' title='bbox 1430 1801 1468 1842; x_wconf 93' lang='lat' dir='ltr'><strong>e</strong></span> <span class='ocrx_word' id='word_1_113' title='bbox 1517 1775 1978 1843; x_wconf 88' lang='lat' dir='ltr'><strong>Choerobosco</strong></span> <span class='ocrx_word' id='word_1_114' title='bbox 2020 1776 2229 1843; x_wconf 75' lang='lat' dir='ltr'><strong>Bekk.</strong></span> <span class='ocrx_word' id='word_1_115' title='bbox 2294 1802 2366 1868; x_wconf 91' lang='grc' dir='ltr'><strong>Ρ.</strong></span> 
     </span>
    </p>
   </div>
   <div class='ocr_carea' id='block_1_9' title="bbox 161 1877 2370 2106">
    <p class='ocr_par' dir='ltr' id='par_1_9' title="bbox 161 1877 2370 2074">
     <span class='ocr_line' id='line_1_14' title="bbox 166 1877 2366 1971; baseline 0.001 -29"><span class='ocrx_word' id='word_1_116' title='bbox 166 1877 377 1963; x_wconf 88' lang='grc'><strong>1181,</strong></span> <span class='ocrx_word' id='word_1_117' title='bbox 422 1878 713 1945; x_wconf 87' lang='lat' dir='ltr'><strong>Arcadio</strong></span> <span class='ocrx_word' id='word_1_118' title='bbox 758 1904 829 1971; x_wconf 90' lang='grc' dir='ltr'><strong>Ρ.</strong></span> <span class='ocrx_word' id='word_1_119' title='bbox 876 1877 1041 1962; x_wconf 82' lang='grc'><strong>125,</strong></span> <span class='ocrx_word' id='word_1_120' title='bbox 1088 1880 1210 1963; x_wconf 92' lang='grc'><strong>17,</strong></span> <span class='ocrx_word' id='word_1_121' title='bbox 1272 1879 1384 1946; x_wconf 86' lang='lat' dir='ltr'><strong>Et.</strong></span> <span class='ocrx_word' id='word_1_122' title='bbox 1436 1878 1613 1943; x_wconf 91' lang='lat' dir='ltr'><strong>Gud.</strong></span> <span class='ocrx_word' id='word_1_123' title='bbox 1661 1878 1908 1961; x_wconf 90' lang='grc'><strong>451,1</strong></span> <span class='ocrx_word' id='word_1_124' title='bbox 1956 1889 2020 1945; x_wconf 83' lang='lat' dir='ltr'><strong>et</strong></span> <span class='ocrx_word' id='word_1_125' title='bbox 2062 1880 2366 1945; x_wconf 81' lang='lat' dir='ltr'><strong>Eustath.</strong></span> 
     </span>
     <span class='ocr_line' id='line_1_15' title="bbox 161 1978 2370 2106; baseline -0 -60"><span class='ocrx_word' id='word_1_126' title='bbox 161 1978 357 2046; x_wconf 83' lang='lat'>565‘</span> <span class='ocrx_word' id='word_1_127' title='bbox 335 2006 434 2047; x_wconf 92' lang='grc' dir='ltr'>ιιι.</span> <span class='ocrx_word' id='word_1_128' title='bbox 524 1981 729 2074; x_wconf 88' lang='lat' dir='ltr'><strong>Apud</strong></span> <span class='ocrx_word' id='word_1_129' title='bbox 771 1982 1182 2106; x_wconf 74' lang='lat' dir='ltr'><strong>Aeschylum</strong></span> <span class='ocrx_word' id='word_1_130' title='bbox 1228 1980 1465 2074; x_wconf 88' lang='lat' dir='ltr'><strong>Suppl.</strong></span> <span class='ocrx_word' id='word_1_131' title='bbox 1505 1981 1654 2048; x_wconf 92' lang='grc'><strong>869.</strong></span> <span class='ocrx_word' id='word_1_132' title='bbox 1697 1982 1824 2048; x_wconf 89' lang='grc'><strong>876</strong></span> <span class='ocrx_word' id='word_1_133' title='bbox 1868 2005 1988 2072; x_wconf 88' lang='lat' dir='ltr'><strong>pro</strong></span> <span class='ocrx_word' id='word_1_134' title='bbox 2036 2008 2084 2044; x_wconf 90' lang='grc' dir='ltr'>ω</span> <span class='ocrx_word' id='word_1_135' title='bbox 2129 1985 2218 2066; x_wconf 76' lang='grc' dir='ltr'><strong>βᾶ</strong></span> <span class='ocrx_word' id='word_1_136' title='bbox 2254 1987 2370 2067; x_wconf 74' lang='grc' dir='ltr'><strong>γᾶς</strong></span> 
     </span>
    </p>
   </div>
   <div class='ocr_carea' id='block_1_10' title="bbox 157 2083 2370 4122">
    <p class='ocr_par' dir='ltr' id='par_1_10' title="bbox 157 2083 2370 4122">
     <span class='ocr_line' id='line_1_16' title="bbox 157 2083 2368 2169; baseline 0.001 -22"><span class='ocrx_word' id='word_1_137' title='bbox 157 2084 286 2147; x_wconf 80' lang='grc' dir='ltr'><strong>παῖ</strong></span> <span class='ocrx_word' id='word_1_138' title='bbox 338 2087 466 2148; x_wconf 82' lang='grc' dir='ltr'><strong>Ζεῦ</strong></span> <span class='ocrx_word' id='word_1_139' title='bbox 534 2109 571 2150; x_wconf 94' lang='lat' dir='ltr'><strong>e</strong></span> <span class='ocrx_word' id='word_1_140' title='bbox 627 2084 882 2152; x_wconf 91' lang='lat' dir='ltr'><strong>scholio</strong></span> <span class='ocrx_word' id='word_1_141' title='bbox 946 2111 994 2147; x_wconf 89' lang='grc' dir='ltr'><strong>ω</strong></span> <span class='ocrx_word' id='word_1_142' title='bbox 1052 2083 1245 2169; x_wconf 82' lang='grc' dir='ltr'><em>πάτερ</em></span> <span class='ocrx_word' id='word_1_143' title='bbox 1307 2086 1438 2147; x_wconf 78' lang='grc' dir='ltr'><strong>Ζεῦ</strong></span> <span class='ocrx_word' id='word_1_144' title='bbox 1455 2134 1478 2163; x_wconf 86' lang='grc'><strong>,</strong></span> <span class='ocrx_word' id='word_1_145' title='bbox 1543 2088 1659 2168; x_wconf 71' lang='grc' dir='ltr'><strong>γῆς</strong></span> <span class='ocrx_word' id='word_1_146' title='bbox 1723 2086 1844 2148; x_wconf 83' lang='grc' dir='ltr'><strong>παῖ</strong></span> <span class='ocrx_word' id='word_1_147' title='bbox 1889 2083 2368 2151; x_wconf 78' lang='lat' dir='ltr'><strong>Valckenarius</strong></span> 
     </span>
     <span class='ocr_line' id='line_1_17' title="bbox 157 2181 2369 2279; baseline 0.001 -29"><span class='ocrx_word' id='word_1_148' title='bbox 157 2185 512 2277; x_wconf 82' lang='lat' dir='ltr'><strong>proposuit</strong></span> <span class='ocrx_word' id='word_1_149' title='bbox 554 2181 610 2251; x_wconf 72' lang='grc' dir='ltr'><strong>αἶ</strong></span> <span class='ocrx_word' id='word_1_150' title='bbox 652 2190 772 2251; x_wconf 86' lang='grc' dir='ltr'><strong>παῖ</strong></span> <span class='ocrx_word' id='word_1_151' title='bbox 808 2190 924 2272; x_wconf 71' lang='grc' dir='ltr'><strong>γᾶς</strong></span> <span class='ocrx_word' id='word_1_152' title='bbox 962 2190 1055 2250; x_wconf 79' lang='grc' dir='ltr'><strong>πᾶ</strong></span> <span class='ocrx_word' id='word_1_153' title='bbox 1094 2190 1261 2266; x_wconf 80' lang='grc' dir='ltr'><strong>Ζεῦ,</strong></span> <span class='ocrx_word' id='word_1_154' title='bbox 1310 2210 1514 2278; x_wconf 89' lang='lat' dir='ltr'><strong>quum</strong></span> <span class='ocrx_word' id='word_1_155' title='bbox 1556 2187 1756 2276; x_wconf 76' lang='lat' dir='ltr'><strong>vulgo</strong></span> <span class='ocrx_word' id='word_1_156' title='bbox 1798 2186 2142 2276; x_wconf 78' lang='lat' dir='ltr'><strong>Scaligero</strong></span> <span class='ocrx_word' id='word_1_157' title='bbox 2186 2211 2369 2279; x_wconf 87' lang='lat' dir='ltr'><strong>prae-</strong></span> 
     </span>
     <span class='ocr_line' id='line_1_18' title="bbox 160 2277 2370 2382; baseline 0 -27"><span class='ocrx_word' id='word_1_158' title='bbox 160 2299 364 2355; x_wconf 86' lang='lat' dir='ltr'><strong>eunte</strong></span> <span class='ocrx_word' id='word_1_159' title='bbox 408 2293 497 2382; x_wconf 72' lang='grc' dir='ltr'><strong>βᾶ</strong></span> <span class='ocrx_word' id='word_1_160' title='bbox 538 2314 575 2355; x_wconf 94' lang='lat' dir='ltr'><strong>e</strong></span> <span class='ocrx_word' id='word_1_161' title='bbox 617 2277 878 2375; x_wconf 64' lang='grc' dir='ltr'>βασιλεῦ’</span> <span class='ocrx_word' id='word_1_162' title='bbox 920 2288 1326 2355; x_wconf 86' lang='lat' dir='ltr'><strong>decurtatum</strong></span> <span class='ocrx_word' id='word_1_163' title='bbox 1368 2299 1656 2379; x_wconf 84' lang='lat' dir='ltr'><strong>putetur.</strong></span> <span class='ocrx_word' id='word_1_164' title='bbox 1791 2289 1966 2356; x_wconf 89' lang='lat' dir='ltr'><strong>Nolo</strong></span> <span class='ocrx_word' id='word_1_165' title='bbox 2008 2291 2370 2381; x_wconf 85' lang='lat' dir='ltr'><strong>quidquam</strong></span> 
     </span>
     <span class='ocr_line' id='line_1_19' title="bbox 160 2389 2368 2483; baseline 0.002 -28"><span class='ocrx_word' id='word_1_166' title='bbox 160 2392 526 2477; x_wconf 80' lang='lat' dir='ltr'><strong>affirmare3</strong></span> <span class='ocrx_word' id='word_1_167' title='bbox 616 2389 1067 2483; x_wconf 74' lang='lat' dir='ltr'><strong>suspicionem</strong></span> <span class='ocrx_word' id='word_1_168' title='bbox 1120 2402 1337 2457; x_wconf 87' lang='lat' dir='ltr'><strong>tamen</strong></span> <span class='ocrx_word' id='word_1_169' title='bbox 1381 2391 1705 2480; x_wconf 85' lang='lat' dir='ltr'><strong>quandam</strong></span> <span class='ocrx_word' id='word_1_170' title='bbox 1749 2391 2065 2478; x_wconf 85' lang='lat' dir='ltr'><strong>injiciunt</strong></span> <span class='ocrx_word' id='word_1_171' title='bbox 2106 2392 2368 2478; x_wconf 77' lang='lat' dir='ltr'><strong>glossae</strong></span> 
     </span>
     <span class='ocr_line' id='line_1_20' title="bbox 161 2489 2366 2585; baseline -0.001 -26"><span class='ocrx_word' id='word_1_172' title='bbox 161 2491 665 2584; x_wconf 64' lang='lat' dir='ltr'><strong>Hesychianae‘z</strong></span> <span class='ocrx_word' id='word_1_173' title='bbox 744 2493 1111 2580; x_wconf 73' lang='grc' dir='ltr'><strong>Βαγαῖος</strong></span> <span class='ocrx_word' id='word_1_174' title='bbox 1170 2536 1255 2545; x_wconf 91' lang='grc'><strong>--</strong></span> <span class='ocrx_word' id='word_1_175' title='bbox 1314 2492 1474 2570; x_wconf 57' lang='lat' dir='ltr'><strong>Zetis*</strong></span> <span class='ocrx_word' id='word_1_176' title='bbox 1528 2493 1830 2585; x_wconf 58' lang='lat' dir='ltr'><strong>(Dotiycoc⁸</strong></span> <span class='ocrx_word' id='word_1_177' title='bbox 1870 2506 1935 2561; x_wconf 86' lang='lat' dir='ltr'><strong>et</strong></span> <span class='ocrx_word' id='word_1_178' title='bbox 1990 2489 2366 2580; x_wconf 65' lang='grc' dir='ltr'><strong>Μαζὲῧζ,</strong></span> 
     </span>
     <span class='ocr_line' id='line_1_21' title="bbox 163 2595 2368 2687; baseline 0 -25"><span class='ocrx_word' id='word_1_179' title='bbox 163 2598 196 2662; x_wconf 85' lang='grc' dir='ltr'><em>ὃ</em></span> <span class='ocrx_word' id='word_1_180' title='bbox 244 2596 406 2673; x_wconf 80' lang='grc' dir='ltr'><strong>Ζεῦς</strong></span> <span class='ocrx_word' id='word_1_181' title='bbox 447 2595 627 2679; x_wconf 76' lang='grc' dir='ltr'><em>παρὰ</em></span> <span class='ocrx_word' id='word_1_182' title='bbox 668 2600 889 2682; x_wconf 84' lang='grc' dir='ltr'><strong>Φρυξί.</strong></span> <span class='ocrx_word' id='word_1_183' title='bbox 985 2595 1167 2680; x_wconf 80' lang='lat' dir='ltr'><strong>Quid</strong></span> <span class='ocrx_word' id='word_1_184' title='bbox 1212 2595 1430 2680; x_wconf 77' lang='lat' dir='ltr'><strong>enim,</strong></span> <span class='ocrx_word' id='word_1_185' title='bbox 1493 2597 1551 2661; x_wconf 91' lang='lat' dir='ltr'><strong>si</strong></span> <span class='ocrx_word' id='word_1_186' title='bbox 1594 2598 1972 2687; x_wconf 75' lang='lat' dir='ltr'><strong>Aeschylus</strong></span> <span class='ocrx_word' id='word_1_187' title='bbox 2015 2597 2368 2687; x_wconf 76' lang='lat' dir='ltr'><strong>peregrina</strong></span> 
     </span>
     <span class='ocr_line' id='line_1_22' title="bbox 163 2693 2366 2795; baseline 0 -32"><span class='ocrx_word' id='word_1_188' title='bbox 163 2698 271 2764; x_wconf 89' lang='lat' dir='ltr'><strong>dei</strong></span> <span class='ocrx_word' id='word_1_189' title='bbox 314 2698 579 2765; x_wconf 86' lang='lat' dir='ltr'><strong>nomina</strong></span> <span class='ocrx_word' id='word_1_190' title='bbox 623 2711 890 2795; x_wconf 86' lang='lat' dir='ltr'><strong>captans</strong></span> <span class='ocrx_word' id='word_1_191' title='bbox 934 2699 1278 2792; x_wconf 84' lang='lat' dir='ltr'><strong>scripserit</strong></span> <span class='ocrx_word' id='word_1_192' title='bbox 1324 2693 1378 2762; x_wconf 74' lang='grc' dir='ltr'><em>ὦ</em></span> <span class='ocrx_word' id='word_1_193' title='bbox 1418 2703 1661 2783; x_wconf 77' lang='grc' dir='ltr'><em>Βαγαῒε</em></span> <span class='ocrx_word' id='word_1_194' title='bbox 1702 2703 1933 2775; x_wconf 78' lang='grc' dir='ltr'><em>Μαζεῦ</em></span> <span class='ocrx_word' id='word_1_195' title='bbox 1974 2710 2087 2764; x_wconf 87' lang='lat' dir='ltr'><strong>aut</strong></span> <span class='ocrx_word' id='word_1_196' title='bbox 2133 2693 2184 2762; x_wconf 69' lang='grc' dir='ltr'><strong>αἶ</strong></span> <span class='ocrx_word' id='word_1_197' title='bbox 2228 2705 2366 2764; x_wconf 69' lang='lat' dir='ltr'><strong>Boc-2-</strong></span> 
     </span>
     <span class='ocr_line' id='line_1_23' title="bbox 162 2797 2365 2886; baseline 0 -20"><span class='ocrx_word' id='word_1_198' title='bbox 162 2803 297 2886; x_wconf 78' lang='grc' dir='ltr'><strong><em>γαῗε</em></strong></span> <span class='ocrx_word' id='word_1_199' title='bbox 339 2806 431 2867; x_wconf 77' lang='grc' dir='ltr'><strong>πᾶ</strong></span> <span class='ocrx_word' id='word_1_200' title='bbox 476 2803 649 2873; x_wconf 68' lang='grc' dir='ltr'><strong>Ζεῦῖ</strong></span> <span class='ocrx_word' id='word_1_201' title='bbox 696 2842 776 2852; x_wconf 93' lang='lat'><strong>--</strong></span> <span class='ocrx_word' id='word_1_202' title='bbox 862 2802 1118 2868; x_wconf 82' lang='lat' dir='ltr'><strong>Ibidem</strong></span> <span class='ocrx_word' id='word_1_203' title='bbox 1161 2827 1223 2868; x_wconf 79' lang='lat' dir='ltr'><strong>v.</strong></span> <span class='ocrx_word' id='word_1_204' title='bbox 1255 2801 1404 2868; x_wconf 93' lang='grc'><strong>867.</strong></span> <span class='ocrx_word' id='word_1_205' title='bbox 1452 2802 1580 2869; x_wconf 92' lang='grc'><strong>876</strong></span> <span class='ocrx_word' id='word_1_206' title='bbox 1625 2797 1677 2865; x_wconf 72' lang='grc' dir='ltr'><strong>αἶ</strong></span> <span class='ocrx_word' id='word_1_207' title='bbox 1718 2804 1808 2885; x_wconf 76' lang='grc' dir='ltr'><strong>μᾶ</strong></span> <span class='ocrx_word' id='word_1_208' title='bbox 1847 2805 1930 2884; x_wconf 75' lang='grc' dir='ltr'><strong>γᾶ</strong></span> <span class='ocrx_word' id='word_1_209' title='bbox 1972 2802 2222 2867; x_wconf 89' lang='lat' dir='ltr'><strong>scholia</strong></span> <span class='ocrx_word' id='word_1_210' title='bbox 2266 2803 2365 2867; x_wconf 90' lang='lat' dir='ltr'><strong>in-</strong></span> 
     </span>
     <span class='ocr_line' id='line_1_24' title="bbox 163 2899 2367 2996; baseline 0 -27"><span class='ocrx_word' id='word_1_211' title='bbox 163 2915 603 2996; x_wconf 86' lang='lat' dir='ltr'><strong>terpretantur</strong></span> <span class='ocrx_word' id='word_1_212' title='bbox 657 2899 711 2968; x_wconf 73' lang='grc' dir='ltr'><strong>αῗ</strong></span> <span class='ocrx_word' id='word_1_213' title='bbox 759 2906 952 2991; x_wconf 79' lang='grc' dir='ltr'><em>μῆτερ</em></span> <span class='ocrx_word' id='word_1_214' title='bbox 1002 2909 1084 2990; x_wconf 71' lang='grc' dir='ltr'><strong>γῆ</strong></span> <span class='ocrx_word' id='word_1_215' title='bbox 1127 2919 1192 2970; x_wconf 90' lang='lat' dir='ltr'><strong>et</strong></span> <span class='ocrx_word' id='word_1_216' title='bbox 1233 2905 1624 2970; x_wconf 86' lang='lat' dir='ltr'><strong>Eustathius</strong></span> <span class='ocrx_word' id='word_1_217' title='bbox 1669 2927 1933 2994; x_wconf 89' lang='lat' dir='ltr'><strong>quoque</strong></span> <span class='ocrx_word' id='word_1_218' title='bbox 1977 2905 2027 2970; x_wconf 91' lang='lat' dir='ltr'><strong>l.</strong></span> <span class='ocrx_word' id='word_1_219' title='bbox 2075 2905 2124 2968; x_wconf 91' lang='lat' dir='ltr'><strong>l.</strong></span> <span class='ocrx_word' id='word_1_220' title='bbox 2177 2904 2367 2969; x_wconf 88' lang='lat' dir='ltr'><strong>docet</strong></span> 
     </span>
     <span class='ocr_line' id='line_1_25' title="bbox 164 3005 2362 3098; baseline -0.001 -26"><span class='ocrx_word' id='word_1_221' title='bbox 164 3011 251 3091; x_wconf 79' lang='grc' dir='ltr'><strong>μᾶ</strong></span> <span class='ocrx_word' id='word_1_222' title='bbox 287 3032 407 3098; x_wconf 87' lang='lat' dir='ltr'><strong>pro</strong></span> <span class='ocrx_word' id='word_1_223' title='bbox 451 3007 654 3092; x_wconf 80' lang='grc' dir='ltr'><strong><em>μήτηρ</em></strong></span> <span class='ocrx_word' id='word_1_224' title='bbox 701 3030 868 3072; x_wconf 86' lang='lat' dir='ltr'><strong>esse.</strong></span> <span class='ocrx_word' id='word_1_225' title='bbox 1006 3005 1225 3090; x_wconf 79' lang='lat' dir='ltr'><strong>Quare</strong></span> <span class='ocrx_word' id='word_1_226' title='bbox 1284 3019 1462 3073; x_wconf 88' lang='lat' dir='ltr'><strong>recte</strong></span> <span class='ocrx_word' id='word_1_227' title='bbox 1520 3006 1694 3097; x_wconf 87' lang='lat' dir='ltr'><strong>apud</strong></span> <span class='ocrx_word' id='word_1_228' title='bbox 1733 3006 2160 3071; x_wconf 81' lang='lat' dir='ltr'><strong>Theocritum</strong></span> <span class='ocrx_word' id='word_1_229' title='bbox 2201 3006 2362 3090; x_wconf 86' lang='lat' dir='ltr'><strong>XV,</strong></span> 
     </span>
     <span class='ocr_line' id='line_1_26' title="bbox 161 3099 2364 3200; baseline -0.002 -22"><span class='ocrx_word' id='word_1_230' title='bbox 161 3111 244 3178; x_wconf 87' lang='grc'><strong>89</strong></span> <span class='ocrx_word' id='word_1_231' title='bbox 284 3110 460 3175; x_wconf 89' lang='lat' dir='ltr'><strong>idem</strong></span> <span class='ocrx_word' id='word_1_232' title='bbox 503 3134 666 3176; x_wconf 86' lang='lat' dir='ltr'><strong>usus</strong></span> <span class='ocrx_word' id='word_1_233' title='bbox 709 3109 1130 3199; x_wconf 80' lang='lat' dir='ltr'><strong>agnoscitur,</strong></span> <span class='ocrx_word' id='word_1_234' title='bbox 1206 3133 1408 3200; x_wconf 89' lang='lat' dir='ltr'><strong>quum</strong></span> <span class='ocrx_word' id='word_1_235' title='bbox 1458 3110 1755 3174; x_wconf 87' lang='lat' dir='ltr'><strong>scholion</strong></span> <span class='ocrx_word' id='word_1_236' title='bbox 1801 3132 1836 3173; x_wconf 87' lang='lat' dir='ltr'><strong>a</strong></span> <span class='ocrx_word' id='word_1_237' title='bbox 1882 3099 2282 3176; x_wconf 85' lang='lat' dir='ltr'><strong>Ruhnkenio</strong></span> <span class='ocrx_word' id='word_1_238' title='bbox 2327 3133 2364 3174; x_wconf 94' lang='lat' dir='ltr'><strong>e</strong></span> 
     </span>
     <span class='ocr_line' id='line_1_27' title="bbox 164 3206 2366 3303; baseline -0.001 -25"><span class='ocrx_word' id='word_1_239' title='bbox 164 3213 386 3279; x_wconf 91' lang='lat' dir='ltr'><strong>codice</strong></span> <span class='ocrx_word' id='word_1_240' title='bbox 443 3212 813 3279; x_wconf 88' lang='lat' dir='ltr'><strong>Parisiensi</strong></span> <span class='ocrx_word' id='word_1_241' title='bbox 872 3211 1199 3303; x_wconf 87' lang='lat' dir='ltr'><strong>proditum</strong></span> <span class='ocrx_word' id='word_1_242' title='bbox 1256 3211 1324 3276; x_wconf 77' lang='grc' dir='ltr'><strong>τὸ</strong></span> <span class='ocrx_word' id='word_1_243' title='bbox 1386 3214 1476 3293; x_wconf 80' lang='grc' dir='ltr'><em>μᾶ</em></span> <span class='ocrx_word' id='word_1_244' title='bbox 1539 3206 1713 3275; x_wconf 81' lang='lat' dir='ltr'><strong>dicat</strong></span> <span class='ocrx_word' id='word_1_245' title='bbox 1767 3210 2206 3296; x_wconf 80' lang='grc' dir='ltr'>Συρακούσιον</span> <span class='ocrx_word' id='word_1_246' title='bbox 2265 3215 2366 3277; x_wconf 78' lang='grc' dir='ltr'><strong>ἐπὶ</strong></span> 
     </span>
     <span class='ocr_line' id='line_1_28' title="bbox 164 3306 2360 3405; baseline 0 -25"><span class='ocrx_word' id='word_1_247' title='bbox 164 3313 635 3400; x_wconf 74' lang='grc' dir='ltr'><em>ἀγανακτήσεως</em></span> <span class='ocrx_word' id='word_1_248' title='bbox 676 3306 1055 3398; x_wconf 43' lang='grc' dir='ltr'><strong>λεγόμενονᾩ</strong></span> <span class='ocrx_word' id='word_1_249' title='bbox 1134 3315 1314 3378; x_wconf 93' lang='lat' dir='ltr'><strong>Bene</strong></span> <span class='ocrx_word' id='word_1_250' title='bbox 1360 3312 1538 3377; x_wconf 88' lang='lat' dir='ltr'><strong>enim</strong></span> <span class='ocrx_word' id='word_1_251' title='bbox 1580 3312 2058 3381; x_wconf 80' lang='lat' dir='ltr'><strong>Valckenarius</strong></span> <span class='ocrx_word' id='word_1_252' title='bbox 2106 3340 2360 3405; x_wconf 88' lang='lat' dir='ltr'><strong>compa·</strong></span> 
     </span>
     <span class='ocr_line' id='line_1_29' title="bbox 161 3414 2356 3508; baseline -0.001 -24"><span class='ocrx_word' id='word_1_253' title='bbox 161 3419 324 3486; x_wconf 83' lang='lat' dir='ltr'><strong>ravit</strong></span> <span class='ocrx_word' id='word_1_254' title='bbox 362 3417 662 3508; x_wconf 77' lang='grc' dir='ltr'><em>Δάματερ</em></span> <span class='ocrx_word' id='word_1_255' title='bbox 721 3418 882 3485; x_wconf 80' lang='lat' dir='ltr'><strong>item</strong></span> <span class='ocrx_word' id='word_1_256' title='bbox 937 3417 1011 3482; x_wconf 90' lang='lat' dir='ltr'><strong>in</strong></span> <span class='ocrx_word' id='word_1_257' title='bbox 1069 3414 1599 3502; x_wconf 87' lang='lat' dir='ltr'><strong>interjectionem</strong></span> <span class='ocrx_word' id='word_1_258' title='bbox 1656 3441 1940 3483; x_wconf 87' lang='lat' dir='ltr'><strong>versum.</strong></span> <span class='ocrx_word' id='word_1_259' title='bbox 2049 3416 2356 3483; x_wconf 88' lang='lat' dir='ltr'><strong>Ceterum</strong></span> 
     </span>
     <span class='ocr_line' id='line_1_30' title="bbox 164 3516 2361 3615; baseline 0.001 -34"><span class='ocrx_word' id='word_1_260' title='bbox 164 3523 249 3601; x_wconf 75' lang='grc' dir='ltr'><strong>μᾶ·</strong></span> <span class='ocrx_word' id='word_1_261' title='bbox 288 3542 434 3585; x_wconf 90' lang='lat' dir='ltr'><strong>cum</strong></span> <span class='ocrx_word' id='word_1_262' title='bbox 476 3525 631 3606; x_wconf 80' lang='grc' dir='ltr'>μαῖα</span> <span class='ocrx_word' id='word_1_263' title='bbox 674 3520 1184 3615; x_wconf 83' lang='lat' dir='ltr'><strong>comparandum</strong></span> <span class='ocrx_word' id='word_1_264' title='bbox 1226 3529 1329 3586; x_wconf 85' lang='lat' dir='ltr'><strong>est</strong></span> <span class='ocrx_word' id='word_1_265' title='bbox 1372 3528 1446 3583; x_wconf 88' lang='lat' dir='ltr'><strong>ut</strong></span> <span class='ocrx_word' id='word_1_266' title='bbox 1485 3524 1568 3604; x_wconf 70' lang='grc' dir='ltr'><strong>γᾶ</strong></span> <span class='ocrx_word' id='word_1_267' title='bbox 1611 3543 1755 3584; x_wconf 88' lang='lat' dir='ltr'><strong>cum</strong></span> <span class='ocrx_word' id='word_1_268' title='bbox 1800 3520 1971 3602; x_wconf 77' lang='grc' dir='ltr'><strong>γαΐα.</strong></span> <span class='ocrx_word' id='word_1_269' title='bbox 2021 3555 2103 3566; x_wconf 91' lang='lat'><strong>-—</strong></span> <span class='ocrx_word' id='word_1_270' title='bbox 2209 3516 2361 3583; x_wconf 86' lang='lat' dir='ltr'><strong>Jam</strong></span> 
     </span>
     <span class='ocr_line' id='line_1_31' title="bbox 163 3618 2356 3710; baseline -0.001 -24"><span class='ocrx_word' id='word_1_271' title='bbox 163 3635 313 3686; x_wconf 80' lang='lat' dir='ltr'><strong>vero</strong></span> <span class='ocrx_word' id='word_1_272' title='bbox 357 3622 672 3690; x_wconf 82' lang='lat' dir='ltr'><strong>credibile</strong></span> <span class='ocrx_word' id='word_1_273' title='bbox 722 3639 861 3710; x_wconf 86' lang='lat' dir='ltr'><strong>est,</strong></span> <span class='ocrx_word' id='word_1_274' title='bbox 950 3621 1372 3689; x_wconf 83' lang='lat' dir='ltr'><strong>brevissimas</strong></span> <span class='ocrx_word' id='word_1_275' title='bbox 1417 3618 1573 3688; x_wconf 87' lang='lat' dir='ltr'><strong>illas</strong></span> <span class='ocrx_word' id='word_1_276' title='bbox 1618 3622 1886 3688; x_wconf 83' lang='lat' dir='ltr'><strong>voculas</strong></span> <span class='ocrx_word' id='word_1_277' title='bbox 1943 3621 2068 3694; x_wconf 75' lang='grc' dir='ltr'><strong>πᾶς</strong></span> <span class='ocrx_word' id='word_1_278' title='bbox 2128 3629 2194 3684; x_wconf 84' lang='lat' dir='ltr'><strong>et</strong></span> <span class='ocrx_word' id='word_1_279' title='bbox 2244 3624 2356 3702; x_wconf 80' lang='grc' dir='ltr'><strong>μᾶ,</strong></span> 
     </span>
     <span class='ocr_line' id='line_1_32' title="bbox 167 3723 2358 3816; baseline 0 -29"><span class='ocrx_word' id='word_1_280' title='bbox 167 3746 329 3812; x_wconf 90' lang='lat' dir='ltr'><strong>quae</strong></span> <span class='ocrx_word' id='word_1_281' title='bbox 385 3724 630 3790; x_wconf 86' lang='lat' dir='ltr'><strong>rectius</strong></span> <span class='ocrx_word' id='word_1_282' title='bbox 674 3724 1199 3815; x_wconf 87' lang='lat' dir='ltr'><strong>simplicissimas</strong></span> <span class='ocrx_word' id='word_1_283' title='bbox 1246 3726 1485 3816; x_wconf 88' lang='lat' dir='ltr'><strong>stirpes</strong></span> <span class='ocrx_word' id='word_1_284' title='bbox 1530 3723 1839 3789; x_wconf 86' lang='lat' dir='ltr'><strong>exhibere</strong></span> <span class='ocrx_word' id='word_1_285' title='bbox 1884 3746 2079 3813; x_wconf 87' lang='lat' dir='ltr'><strong>quam</strong></span> <span class='ocrx_word' id='word_1_286' title='bbox 2125 3745 2358 3812; x_wconf 89' lang='lat' dir='ltr'><strong>apoco-</strong></span> 
     </span>
     <span class='ocr_line' id='line_1_33' title="bbox 167 3824 2356 3918; baseline -0.001 -27"><span class='ocrx_word' id='word_1_287' title='bbox 167 3850 246 3916; x_wconf 88' lang='lat' dir='ltr'><strong>pe</strong></span> <span class='ocrx_word' id='word_1_288' title='bbox 281 3824 555 3918; x_wconf 75' lang='lat' dir='ltr'><strong>quadam</strong></span> <span class='ocrx_word' id='word_1_289' title='bbox 592 3838 733 3891; x_wconf 89' lang='lat' dir='ltr'><strong>orta</strong></span> <span class='ocrx_word' id='word_1_290' title='bbox 774 3837 1127 3918; x_wconf 84' lang='lat' dir='ltr'><strong>putantur,</strong></span> <span class='ocrx_word' id='word_1_291' title='bbox 1175 3829 1347 3917; x_wconf 87' lang='lat' dir='ltr'><strong>apud</strong></span> <span class='ocrx_word' id='word_1_292' title='bbox 1393 3826 1661 3895; x_wconf 89' lang='lat' dir='ltr'><strong>Siculos</strong></span> <span class='ocrx_word' id='word_1_293' title='bbox 1704 3826 2122 3917; x_wconf 87' lang='lat' dir='ltr'><strong>potissimum</strong></span> <span class='ocrx_word' id='word_1_294' title='bbox 2166 3850 2356 3890; x_wconf 90' lang='lat' dir='ltr'><strong>usur-</strong></span> 
     </span>
     <span class='ocr_line' id='line_1_34' title="bbox 162 3926 2356 4022; baseline -0.001 -28"><span class='ocrx_word' id='word_1_295' title='bbox 162 3941 338 4019; x_wconf 85' lang='lat' dir='ltr'><strong>patas</strong></span> <span class='ocrx_word' id='word_1_296' title='bbox 382 3940 448 3995; x_wconf 86' lang='lat' dir='ltr'><strong>et</strong></span> <span class='ocrx_word' id='word_1_297' title='bbox 488 3929 769 4020; x_wconf 80' lang='lat' dir='ltr'><strong>fortasse</strong></span> <span class='ocrx_word' id='word_1_298' title='bbox 812 3933 986 4020; x_wconf 83' lang='lat' dir='ltr'><strong>apud</strong></span> <span class='ocrx_word' id='word_1_299' title='bbox 1036 3929 1447 4022; x_wconf 86' lang='lat' dir='ltr'><strong>Sophronem</strong></span> <span class='ocrx_word' id='word_1_300' title='bbox 1491 3931 1694 3997; x_wconf 86' lang='lat' dir='ltr'><strong>lectas</strong></span> <span class='ocrx_word' id='word_1_301' title='bbox 1740 3929 1977 3995; x_wconf 82' lang='lat' dir='ltr'><strong>fuisse.</strong></span> <span class='ocrx_word' id='word_1_302' title='bbox 2082 3927 2141 3995; x_wconf 88' lang='lat' dir='ltr'><strong>E</strong></span> <span class='ocrx_word' id='word_1_303' title='bbox 2190 3926 2356 3993; x_wconf 91' lang='lat' dir='ltr'><strong>Sici-</strong></span> 
     </span>
     <span class='ocr_line' id='line_1_35' title="bbox 163 4030 1936 4122; baseline -0.001 -24"><span class='ocrx_word' id='word_1_304' title='bbox 163 4032 251 4099; x_wconf 89' lang='lat' dir='ltr'><strong>lia</strong></span> <span class='ocrx_word' id='word_1_305' title='bbox 291 4055 439 4099; x_wconf 90' lang='lat' dir='ltr'><strong>cum</strong></span> <span class='ocrx_word' id='word_1_306' title='bbox 483 4030 634 4098; x_wconf 91' lang='lat' dir='ltr'><strong>aliis</strong></span> <span class='ocrx_word' id='word_1_307' title='bbox 677 4054 812 4096; x_wconf 90' lang='lat' dir='ltr'><strong>non</strong></span> <span class='ocrx_word' id='word_1_308' title='bbox 852 4031 1083 4122; x_wconf 86' lang='lat' dir='ltr'><strong>paucis</strong></span> <span class='ocrx_word' id='word_1_309' title='bbox 1126 4033 1505 4121; x_wconf 73' lang='lat' dir='ltr'><strong>Aeschylus</strong></span> <span class='ocrx_word' id='word_1_310' title='bbox 1549 4030 1936 4122; x_wconf 66' lang='grc' dir='ltr'>οΡΡοιῐειιὶῐ.</span> 
     </span>
    </p>
   </div>
   <div class='ocr_carea' id='block_1_11' title="bbox 165 4175 2352 4370">
    <p class='ocr_par' dir='ltr' id='par_1_11' title="bbox 165 4175 2352 4370">
     <span class='ocr_line' id='line_1_36' title="bbox 326 4175 2352 4268; baseline -0.002 -23"><span class='ocrx_word' id='word_1_311' title='bbox 326 4179 519 4267; x_wconf 71' lang='lat' dir='ltr'><strong>Pag.</strong></span> <span class='ocrx_word' id='word_1_312' title='bbox 570 4180 697 4249; x_wconf 83' lang='lat'><strong>194</strong></span> <span class='ocrx_word' id='word_1_313' title='bbox 750 4181 804 4246; x_wconf 90' lang='lat' dir='ltr'><strong>l.</strong></span> <span class='ocrx_word' id='word_1_314' title='bbox 846 4180 915 4248; x_wconf 89' lang='grc'><strong>9.</strong></span> <span class='ocrx_word' id='word_1_315' title='bbox 1005 4183 1317 4251; x_wconf 77' lang='lat' dir='ltr'><strong>Attamen</strong></span> <span class='ocrx_word' id='word_1_316' title='bbox 1356 4184 1571 4266; x_wconf 61' lang='grc' dir='ltr'><strong><em>χρυσῷ</em></strong></span> <span class='ocrx_word' id='word_1_317' title='bbox 1617 4177 1896 4262; x_wconf 72' lang='grc' dir='ltr'><strong><em>στεφάνῳ</em></strong></span> <span class='ocrx_word' id='word_1_318' title='bbox 1936 4176 2185 4268; x_wconf 74' lang='lat' dir='ltr'><strong>legitur</strong></span> <span class='ocrx_word' id='word_1_319' title='bbox 2229 4175 2352 4242; x_wconf 86' lang='lat' dir='ltr'><strong>Ca-</strong></span> 
     </span>
     <span class='ocr_line' id='line_1_37' title="bbox 165 4281 599 4370; baseline 0.002 -22"><span class='ocrx_word' id='word_1_320' title='bbox 165 4281 359 4370; x_wconf 77' lang='lat' dir='ltr'><strong>lymn.</strong></span> <span class='ocrx_word' id='word_1_321' title='bbox 404 4281 599 4352; x_wconf 87' lang='grc'><strong>2671.</strong></span> 
     </span>
    </p>
   </div>
  </div>
 </body>
</html>
