2875 5000
1347 198 1372 237 ι

797 416 866 510 ς.
926 418 1038 495 19.
1143 421 1256 492 ne
1303 426 1348 490 ᾱ
1398 442 1534 514 pm
1582 450 1643 506 η.
2164 421 2306 497 133
2356 402 2368 421 ‘

100 620 586 703 ἂκρα-τέξεσθαι
628 616 866 710 Sophr.
909 620 1033 703 34,
1103 622 1356 706 ἕγκίκρα
1397 620 1637 711 Sophr.
1687 622 1750 687 2.
1859 620 2089 712 Neque
2132 624 2306 690 euim

94 721 470 812 quidquam
510 719 764 798 Joanni
807 718 1238 788 Grammatico
1280 723 1330 788 f.
1373 722 1502 790 2⁴3
1567 722 1843 811 ejusque
1883 725 2313 793 sectatoribus

105 823 250 888 Gr.
301 822 382 887 C.
437 822 604 905 359,
671 820 945 889 Mee'rm.
1007 823 1135 890 659
1185 823 1603 890 tribuendum
1659 835 1796 908 est,
1862 826 1978 915 qui
2020 826 2304 907 ἄκρητος

104 923 439 990 Don’eum
480 947 632 990 esse
675 947 798 1014 pro
844 924 1115 1008 ἄκρατος
1156 925 1455 1013 tradunt,
1520 926 1633 991 uhi
1688 926 1849 1016 quid
1904 929 2305 1018 corruptelae

104 1027 347 1110 lateat,
387 1024 645 1092 neseio.
732 1027 830 1091 At
868 1026 939 1092 in
980 1025 1172 1092 tertio
1214 1027 1485 1095 Pindari
1524 1028 1673 1094 loco
1714 1051 1938 1097 omnes
1979 1028 2134 1095 libri
2168 1030 2305 1101 Do·

102 1128 319 1194 rieum
361 1127 611 1215 κρατήρ
654 1127 1009 1219 praebent,
1050 1128 1119 1193 in
1163 1129 1377 1218 primo
1417 1130 1686 1219 optimi,
1754 1130 1822 1196 iu
1862 1130 2076 1199 medio
2115 1131 2298 1215 boni,

99 1231 282 1320 quod
322 1253 452 1296 cur
492 1229 978 1323 propellamus,
1022 1229 1191 1294 nihil
1225 1230 1450 1296 adesse
1492 1230 1813 1320 intelligo.

274 1330 648 1420 ἇναοξτήῃ
693 1331 774 1397 Ρ.
812 1330 937 1415 IV,
983 1331 1105 1397 155
1146 1332 1518 1398 Boeekhius
1560 1356 1678 1421 pro
1724 1331 2079 1421 ἀναστήσῃ,
2125 1334 2301 1423 quod

94 1444 163 1499 et
225 1456 476 1499 sensns
534 1443 602 1498 et
658 1432 917 1498 dialecti
977 1432 1237 1499 nomine
1297 1437 1670 1524 suspectum
1726 1446 1863 1517 est,
1925 1434 2301 1503 Hermanno

86 1535 430 1626 probante
486 1533 773 1622 scripsit.
887 1533 1017 1599 Vel
1073 1535 1170 1600 sic
1230 1546 1445 1599 tamen
1491 1545 1712 1601 contra
1753 1535 2062 1603 Doricam
2104 1536 2300 1604 diale-

89 1648 280 1704 ctum
321 1645 643 1727 peeeatur
695 1645 762 1700 et
800 1635 993 1701 lectio
1039 1636 1116 1701 inf
1152 1636 1420 1702 scholiis
1464 1646 1956 1702 commemorata
1999 1635 2297 1719 ἀνασταίη

85 1738 451 1806 verissima
492 1748 629 1821 est,
693 1738 884 1802 modo
927 1736 1413 1824 conjunctivum
1454 1759 1771 1824 agnoscas
1812 1748 1915 1820 et,
1961 1738 2020 1804 si
2059 1740 2303 1828 placet,

83 1842 237 1907 iota
286 1839 728 1928 subscriptum
783 1838 1027 1925 addas,
1088 1863 1235 1903 nam
1299 1837 1754 1924 conjunctivus
1813 1838 2107 1929 ἆνὰσταίη
2165 1865 2296 1909 ιιοιι

80 1944 322 2009 minus
364 1954 547 2007 reete
606 1964 677 2005 se
729 1936 959 2025 hahet,
1024 1962 1216 2030 quam
1258 1940 1682 2006 Homericum
1721 1945 2096 2023 παοαφθαῖν
2064 1968 2170 2029 ῃσι
2212 1944 2293 2011 Il.

86 2074 158 2124 κ,
211 2044 392 2128 346,
446 2043 554 2108 de
575 2064 705 2131 quo
748 2041 1282 2132 disputavimus'
1262 2066 1330 2105 ιιι
1373 2040 1601 2108 libello
1644 2041 1724 2107 de
1754 2042 2100 2110 Homerica
2145 2042 2295 2111 con-

75 2146 444 2238 jugatione
486 2145 562 2209 in
603 2182 663 2223 μ
705 2170 774 2234 p.
802 2144 908 2209 17.

268 2247 649 2332 καύχημα
688 2245 1044 2330 1.1V,57
1097 2269 1133 2310 a
1179 2248 1544 2331 καυχᾶσθαι
1584 2246 2065 2315 excusationem
2106 2249 2300 2315 hahet

79 2359 374 2443 propter
432 2349 745 2416 Doricam
801 2346 983 2413 verbi
1040 2348 1311 2412 formam
1371 2372 1708 2431 καυχεομαι
1746 2347 2028 2417 Theocr.
2076 2351 2168 2435 V,
2214 2353 2299 2417 77

74 2455 167 2521 cf.
223 2452 467 2539 αὖχὲω.

266 2552 698 2640 ὄμηγυρῆς
754 2501 837 2618 Ρ.
882 2553 1022 2636 XI,
1068 2553 1111 2619 8
1167 2551 1498 2620 Boeckhio
1550 2560 1852 2666 monente
1886 2551 2025 2637 jam
2068 2577 2103 2619 a
2144 2553 2296 2619 Dis-

79 2658 286 2725 senio
328 2652 404 2721 in
452 2656 769 2743 ὄμαγυρής
809 2665 1115 2719 mutatum
1162 2663 1282 2718 est.

265 2760 561 2827 Restant
619 2758 901 2839 μελιηδέα
965 2756 1048 2820 Ρ.
1107 2753 1247 2838 IX,
1304 2751 1388 2820 38
1451 2754 1848 2852 (quanquam
1916 2744 1984 2816 in
2042 2751 2301 2820 fr.14'7

83 2861 484 2931 Boeckhius
529 2859 671 2924 sine
731 2858 919 2924 libris
973 2855 1292 2938 μελιαδεος
1354 2854 1600 2939 dedit),
1662 2853 1986 2942 προςηύδα
2044 2855 2123 2922 Ρ.
2171 2853 2295 2938 IV,
2343 2866 2347 2870 '

85 2967 264 3051 119,
313 2963 615 3042 νήποινον
656 2961 737 3026 Ρ.
787 2959 929 3044 ΙΧ,
976 2957 1061 3026 60
1096 2957 1225 3025 vid.
1274 2967 1410 3022 not.
1459 2958 1542 3039 4,
1584 2982 1681 3020 ‘tet
1649 2983 1902 3038 τμηνται
1941 2956 1999 3021 I.
2046 2955 2140 3040 V,
2184 2958 2294 3039 21,

86 3070 434 3154 ἄπρηκτος
494 3060 878 3140 1.V11,7
939 3061 1335 3149 (quanquam
1389 3058 1633 3147 ubique
1685 3057 1992 3141 πράσσω,
2060 3063 2300 3143 πρᾶγος

84 3177 193 3237 ete
197 3171 299 3253 .),
377 3189 575 3257 quam
631 3165 901 3228 formam
942 3160 1314 3227 Boeekliius
1364 3157 1864 3225 reconditiorem
1906 3179 2050 3225 esse
2092 3170 2296 3242 ratus,

85 3293 297 3364 qum
342 3275 515 3358 quae
558 3265 767 3356 possit
814 3289 850 3329 a
889 3262 1157 3328 librario
1197 3260 1489 3350 profecta
1513 3257 1761 3342 videri,
1803 3259 2298 3348 significationis

89 3369 461 3442 &osunen
498 3367 818 3458 quoddam
853 3364 1125 3455 quaerit.
1213 3364 1479 3428 Poterat
1516 3370 1732 3424 tamen
1774 3362 2298 3450 grammatieulus

95 3483 166 3541 et
177 3471 552 3562 vulgarem
587 3469 861 3534 formam
905 3463 1218 3550 ἂπρακὶος
1260 3461 1591 3553 aspernari
1650 3472 1716 3527 et
1760 3461 2140 3529 Homericae
2201 3489 2298 3528 re·

103 3571 383 3664 eqrfffiri.
493 3569 744 3653 Vides,
818 3592 1013 3658 quam
1075 3589 1152 3631 ea
1204 3562 1419 3629 omnia
1476 3563 1610 3628 sint
1656 3576 1979 3654 suspecta.
2087 3564 2298 3630 Multo

103 3669 297 3780 pfi'r'a
349 3673 495 3741 illis
546 3669 796 3760 regulis
844 3667 1267 3734 adversantur
1331 3665 1399 3729 in
1442 3664 1780 3732 Theocriti
1821 3666 2068 3758 idylliis
2108 3661 2297 3731 etiam

98 3777 234 3865 iis,
273 3799 448 3868 quae
491 3783 647 3839 sunt
687 3777 871 3854 Ampe
873 3770 1132 3854 κώτερα.

24 3938 27 3961 ,
193 3915 198 3920 -
273 3879 343 3959 5)
442 3873 838 3965 Saepissime
880 3872 1071 3954 latet,
1116 3849 1438 3960 quomodo
1470 3896 1509 3946 η
1539 3851 1751 3932 ortum
1778 3870 1889 3952 sit,
1935 3891 2057 3936 nec
2083 3879 2300 3960 potest

24 3996 27 4003 '
98 4008 183 4050 ex
224 3979 498 4069 origine
540 3975 892 4067 quidquam
934 3973 1014 4038 de
1039 3972 1286 4038 Dorica
1324 3969 1676 4035 mutatione
1718 3970 2021 4059 intelligi.
2089 3969 2298 4035 Multa

101 4095 320 4151 tmen
347 4129 372 4165 ‚
440 4102 605 4169 quae
655 4086 911 4166 praeter
965 4074 1079 4140 illa
1135 4072 1453 4139 Doricum
1512 4096 1553 4134 α
1614 4072 1983 4161 postulant,
2050 4072 2298 4159 regulis

104 4183 502 4277 quibusdam
544 4176 1087 4268 comprehendere
1129 4175 1307 4240 licet.
1415 4173 1496 4238 ln
1538 4173 1785 4240 Doride
1838 4173 2041 4262 igitur
2104 4199 2146 4237 α
2199 4196 2297 4237 as·
2449 4169 2460 4178 '

24 4336 27 4367 ÷
111 4287 377 4354 hunt
420 4284 616 4349 haecz
839 4277 844 4282 i
2303 4313 2312 4322 .
