2875 5000
786 505 904 582 Ad
953 503 1279 583 Librum
1314 503 1776 588 Secundum.
2212 447 2379 581 ,573

209 740 216 744 ·
342 708 561 777 Ibid.
612 711 709 795 b).
809 713 975 780 Item
1031 714 1104 779 in
1148 711 1289 780 Coo
1341 709 1622 779 nr.175
1665 710 1752 776 Β.
1800 717 1955 824 sunt
1996 706 2375 787 ἀναθέντων,

140 810 680 897 ἆγγραψάντων,
748 815 1105 882 τεισάντων.

342 914 539 1004 Pag-
587 917 715 984 310
773 918 977 986 1.16.
1067 916 1412 985 Dubitari
1432 928 1652 982 tamen
1706 925 1972 1008 potest,
2059 939 2143 983 an
2196 912 2378 981 tituli

137 1013 362 1085 illius
406 1017 727 1085 dialectus
768 1020 1095 1086 Arcadica
1137 1021 1338 1087 fuerit
1378 1019 1517 1087 vid.
1556 1043 1764 1109 supra
1805 1043 1876 1110 Ρ.
1924 1018 2074 1130 536.
2152 1065 2159 1074 -

345 1149 537 1240 Pag.
587 1151 715 1219 312
764 1151 814 1218 l.
862 1152 928 1220 6.
1023 1150 1346 1242 Compara
1409 1152 1655 1218 formae
1714 1151 2004 1243 plurales
2052 1150 2347 1234 φλεγὲθοῖ
2343 1189 2378 1201 -

144 1275 327 1330 ατο,
393 1253 694 1338 παρείατο
740 1264 867 1323 ete.
922 1253 1096 1344 apud
1158 1259 1387 1343 petitas
1430 1236 1920 1321 Alexandrinos
1976 1278 2097 1344 pro
2147 1251 2374 1343 singu-

109 1353 420 1421 laribus
463 1356 713 1445 positas
755 1356 894 1424 vid.
941 1355 1235 1423 Meinek.
1282 1356 1512 1421 Anall.
1559 1356 1804 1423 Alexx.
1849 1382 1920 1448 Ρ.
1950 1355 2098 1424 158.
2186 1372 2197 1384 ’

319 1483 528 1604 ‘Paga
577 1481 702 1549 315
762 1483 811 1549 l.
857 1484 968 1552 24.
1056 1483 1308 1551 Eadem
1349 1483 1722 1550 terminatio
1764 1485 2135 1551 rectissime
2176 1484 2374 1551 tradi-

144 1595 279 1651 tur
317 1585 390 1651 in
435 1584 508 1651 ἇν
511 1585 1047 1670 οικοδομηθήμειν
1101 1587 1174 1652 ἱιι
1231 1585 1430 1654 titulo
1474 1585 1673 1654 Telio
1732 1612 1837 1653 nr.
1886 1587 2010 1655 169
2053 1587 2191 1672 Β.,
2256 1587 2371 1653 ubi

147 1685 455 1755 Rossius
498 1690 666 1757 male
703 1689 838 1756 iota
876 1689 1099 1776 ejecit.

337 1791 530 1883 Pag.
577 1791 705 1859 316
756 1792 961 1861 1.28.
1051 1789 1248 1857 Adde
1293 1788 1610 1871 ἀνέθηκαν
1652 1814 1689 1858 e
1729 1790 1929 1858 titulo
1972 1789 2213 1882 Astyp.
2259 1815 2364 1857 nr.

162 1893 301 1960 154
339 1893 425 1959 Β.
477 1894 727 1960 saeculi
771 1894 1014 1986 quinti.

337 1999 530 2085 Pag.
580 1997 707 2065 319
748 1998 798 2065 l.
831 1997 896 2063 5.
984 1995 1181 2063 Adde
1221 1993 1489 2084 πάρεστι
1530 1997 1758 2087 Nisyr.
1805 1995 1931 2063 166
1972 1995 2061 2062 Β.

334 2125 855 2217 Pag.3211.9
899 2138 1104 2193 extr.
1166 2128 1728 2219 Leg.‚,1)orico“
1760 2147 1931 2217 pro,
1938 2127 2368 2206 ,Laconicoss

149 2227 333 2294 Item
375 2226 485 2293 ἔσο
546 2239 648 2295 est
699 2228 772 2293 in
817 2228 1126 2296 Cleobuli
1167 2176 1403 2296 Lindii
1447 2229 1622 2296 dicto
1666 2227 1838 2321 apud
1883 2227 2152 2294 Suidam
2197 2251 2255 2292 s-
2298 2249 2365 2294 v.

151 2329 583 2413 Κλεόβουλος.
704 2330 915 2423 Saepe
957 2331 1203 2419 legitur
1245 2330 1353 2399 ἔσο
1400 2333 1507 2402 vel
1552 2332 1702 2397 ἔσσο
1749 2332 1922 2423 apud
1965 2330 2365 2410 recentiores

154 2430 523 2523 scriptores
582 2432 768 2525 epiea
828 2445 939 2501 aut
993 2435 1257 2526 vulgari
1310 2434 1542 2523 lingua
1599 2457 1799 2517 usos,
1886 2445 1959 2499 nt
1998 2433 2368 2503 Leonidam

150 2536 596 2603 Tarentinum
639 2538 849 2602 Anth.
896 2538 1045 2604 Pal.
1093 2538 1242 2625 IX,
1288 2539 1416 2607 318
1442 2564 1485 2618 ,·
1557 2536 1985 2625 Crinagoram
2042 2534 2207 2601 ibid.
2266 2535 2362 2620 X,

149 2639 251 2707 24
308 2649 435 2705 ete.
583 2639 813 2707 Nonni
874 2651 941 2707 et
1000 2640 1281 2708 aliorum
1345 2641 1648 2731 exempla
1711 2637 1980 2726 collegit
2039 2637 2366 2735 Lehrsius

153 2744 464 2828 Quaestt.
514 2741 750 2835 Epicu.
797 2768 867 2836 Ρ.
915 2743 1066 2810 331.
1160 2743 1411 2811 Confer
1452 2743 1747 2833 Hesyeh.
1792 2740 2037 2826 πάρεσο
2058 2791 2083 2820 ,
2153 2765 2367 2824 napa-

147 2868 362 2930 γενου.

331 2948 524 3040 Pag.
574 2949 727 3018 323.
815 2950 1011 3016 Adde
1057 2947 1218 3015 ἐόντι
1258 2947 1507 3041 Delph.
1556 2945 1637 3013 11
1687 2943 1921 3028 Curt.‚
1984 2936 2069 3007 ‹153›
2105 2942 2358 3039 Delph.

156 3049 222 3115 Ι.
268 3050 355 3116 L.
389 3099 412 3135 ‚
482 3046 643 3117 οὖσα
687 3051 895 3117 Ther.
944 3051 1069 3119 198
1115 3051 1203 3118 Β.

329 3155 521 3244 Pag.
568 3152 695 3221 328
735 3153 786 3220 l.
833 3155 898 3222 8.
987 3152 1158 3220 Dele
1205 3149 1475 3237 „furax”
1522 3149 1642 3214 ὦδε
1687 3147 1825 3218 18“
1851 3175 1876 3236 3
1943 3151 2138 3216 aliam
2183 3146 2360 3217 enim
2485 3224 2495 3231 ,

150 3254 557 3346 Epicharmo
589 3255 908 3322 medelam
953 3255 1388 3323 adhibendam
1422 3278 1573 3322 esse
1614 3264 1842 3344 postea
1886 3250 2361 3323 intelleximus.

150 3356 306 3426 Jam
369 3382 529 3426 vero
589 3357 810 3425 omnia
876 3357 1107 3427 tertiae
1171 3380 1529 3450 personae·⁶
1550 3356 1867 3448 -exempla
1926 3355 2361 3446 Epicharmea

153 3459 634 3549 Syracusanam
675 3461 1205 3531 terminationem
1249 3485 1306 3527 ει
1347 3459 1699 3527 admittunt
1741 3460 1887 3527 solo
1934 3457 2097 3524 οἶδεν
2148 3458 2234 3523 fr.
2272 3457 2361 3525 96

153 3575 430 3655 excepto
455 3612 477 3649 ,
545 3565 739 3653 eujus
782 3565 970 3633 verbi
1011 3565 1180 3633 ratio
1225 3563 1599 3652 singularia
1628 3586 1777 3630 esse
1820 3561 2012 3628 solet.

326 3677 519 3769 Pag.
565 3684 694 3750 330
738 3697 945 3752 extr.
1038 3684 1357 3774 Cori-epta
1414 3679 1874 3747 terminatione
1935 3675 2200 3745 ὁεδώκεν
2256 3690 2359 3745 est

151 3781 228 3848 in
267 3781 462 3849 titulo
502 3781 778 3871 Nisyrio
820 3808 924 3849 nr.
974 3784 1100 3851 166
1141 3784 1230 3851 Β.
1255 3830 1280 3869 ,
1325 3807 1363 3849 a
1406 3781 1653 3848 Rossio
1693 3780 1929 3847 male
1908 3805 1980 3847 ιιι
2027 3781 2358 3847 δεδωκέναι

151 3895 494 3952 mutatum.

324 3987 517 4079 Pag.
566 3984 695 4054 334
746 3998 914 4053 not.
960 3987 1027 4053 4.
1145 3987 1226 4053 Ιιι
1269 3984 1573 4053 Aneedd.
1621 3984 1810 4053 Parr.
1855 3985 2007 4070 Ill,
2050 3984 2223 4066 296,
2267 3985 2356 4054 26

150 4089 368 4181 ipsum
394 4091 857 4212 fragmentum
900 4088 1331 4196 Pindaricum
1375 4113 1412 4156 e
1455 4089 1804 4157 Prosodiis
1844 4032 2165 4157 traditur·
2245 4112 2352 4172 με·

150 4191 412 4279 prodat
461 4191 703 4270 ἀοιδῆς.

315 4296 514 4384 Pag.
542 4295 672 4362 337
712 4295 764 4362 l·
791 4294 952 4364 22.
989 4295 1098 4363 De
1144 4293 1420 4381 ἀνάγνων
1461 4294 1636 4387 apud
1677 4294 1926 4363 Lasum
1968 4293 2103 4361 vid.
2154 4316 2352 4385 supra

151 4399 233 4467 ad
280 4424 350 4490 Ρ.
392 4398 543 4469 284.
