2875 5000
450 441 608 519 558
1053 438 1401 518 Addenda
1454 454 1526 513 a
1577 439 2050 543 oon-figenda.
2120 397 2127 402 ’

617 650 814 739 Pag-
868 646 992 717 108
1043 647 1152 714 ἰιι.
1259 646 1458 714 Adde
1509 644 2037 733 Θαρρυπτόλεμος
2072 646 2282 715 Ther.
2330 648 2510 713 Ant.
2567 671 2682 712 nr.

453 757 536 825 16
579 765 647 822 et
691 751 1137 838 Πτολέμαρχος
1194 749 1268 818 in
1309 750 1575 818 decreto
1616 748 1902 818 Doricae
1944 751 2232 819 civitatis
2289 751 2382 817 nd
2428 751 2678 818 Iasen-

452 883 564 927 ses
606 856 688 924 C.
734 855 791 921 Ι.
851 878 954 921 nr.
1000 854 1193 923 2679.
1285 854 1450 920 Item
1495 850 1808 939 Πτόλιχος
1868 878 1993 945 pro
2039 853 2321 940 Πόλιχος
2380 865 2493 920 est
2537 854 2679 921 Ae-

453 961 717 1054 ginetae
758 980 1000 1024 nomen
1043 959 1333 1025 Paussn.
1378 956 1524 1038 vl,
1566 957 1647 1035 9,
1692 955 1729 1023 1
1775 965 1842 1021 et
1885 955 2242 1047 Corcyraei
2284 957 2439 1040 vl,
2488 958 2564 1041 3,
2608 956 2671 1022 5.

621 1064 817 1153 Peg.
867 1060 993 1129 109
1053 1071 1264 1127 extr.
1350 1056 1547 1125 Adde
1590 1058 1856 1143 πέργους
1898 1071 1965 1126 et
2004 1062 2351 1147 πέργουλος
2378 1111 2402 1137 ,
2501 1084 2662 1151 quae

448 1166 786 1236 Laconica
835 1188 984 1232 esse
1041 1188 1162 1255 pro
1209 1162 1477 1246 σπέργυς
1532 1171 1601 1228 et
1654 1162 1994 1246 σπέργυλος
2050 1187 2203 1230 mox
2247 1163 2668 1230 demonstra·

343 1315 358 1330 -
451 1270 671 1337 bimus
713 1267 796 1335 ad
841 1292 909 1358 p.
957 1267 1106 1333 111.

620 1371 813 1460 Pag.
862 1367 989 1436 110
1044 1370 1098 1436 l.
1143 1366 1209 1434 7.
1297 1365 1479 1436 Male
1521 1389 1762 1434 nomen
1815 1370 2074 1444 Φιλτὶας
2115 1378 2337 1435 extare
2380 1366 2679 1457 negavi-

451 1497 624 1543 mus.
733 1471 903 1539 Nam
958 1472 1223 1546 Φιλτεάς
1263 1469 1532 1559 quidem
1553 1515 1575 1553 9
1634 1470 1812 1560 quod
1857 1493 2094 1537 nomen
2140 1494 2275 1537 non
2320 1469 2675 1537 diversu-

453 1589 592 1662 est,
651 1585 790 1642 erat
826 1574 1209 1642 Calactinus
1255 1597 1338 1640 ex
1378 1573 1529 1663 ipsa
1570 1571 1802 1640 Sicilia
1820 1619 1842 1656 ‚
1887 1572 2327 1640 Naxiacorum
2376 1573 2676 1662 scriptor

451 1679 589 1749 vid.
634 1677 930 1745 Meinels.
976 1676 1208 1744 Anall.
1255 1675 1498 1742 Alexx.
1554 1701 1622 1767 Ρ.
1670 1674 1801 1743 352
1819 1724 1845 1754 ,
1935 1686 2001 1742 et
2053 1674 2405 1754 Φιλτιάδης
2454 1678 2677 1741 Athe-

451 1781 715 1848 niensis
770 1789 873 1847 est
943 1779 1118 1870 apud
1171 1777 1686 1845 Demosthenem
1756 1778 1831 1842 in
1886 1779 2082 1845 Lacr.
2142 1776 2210 1861 ξ.
2254 1779 2347 1847 20
2420 1803 2496 1869 Ρ.
2542 1778 2674 1846 929

452 1884 684 1951 Reink.
713 1928 737 1965 ,
801 1881 937 1949 vid.
984 1881 1160 1948 Keil.
1208 1880 1441 1947 Anall.
1507 1905 1577 1970 Ρ.
1627 1881 1775 1948 181.
1865 1879 2120 1946 Ibidem
2163 1891 2229 1947 et
2270 1882 2458 1973 apud
2506 1881 2668 1956 Vol,-

452 1985 836 2056 ekenarium
873 1985 958 2050 ad
990 1984 1255 2051 Phalar.
1289 1983 1468 2074 Epp.
1514 2006 1582 2072 Ρ.
1616 1983 1912 2050 XXVII.
1949 1981 2215 2051 Schaef.
2260 1984 2457 2074 plura
2492 1995 2655 2048 sunt

453 2087 745 2158 nominis
784 2089 1041 2162 Φιντίας
1086 2087 1421 2175 exempla,
1483 2097 1550 2152 et
1590 2085 1767 2178 apud
1795 2086 2075 2177 Papium
2118 2087 2248 2154 alia
2296 2085 2545 2153 similia
2578 2096 2655 2150 ut

464 2194 696 2266 Φίντας
739 2187 1114 2255 Messenius
1176 2214 1211 2254 a
1254 2188 1587 2255 Pausania
1646 2199 2185 2256 commemoratus
2244 2189 2367 2269 (cf.
2433 2191 2666 2265 Φίλτης

454 2295 530 2362 in
587 2312 856 2358 nummo
900 2288 1074 2356 Chio
1121 2288 1380 2358 Minna.
1443 2291 1589 2375 ΠΙ,
1634 2291 1835 2375 273),
1933 2293 2173 2358 <Diuum
2235 2291 2356 2371 (cf.
2421 2294 2673 2357 Φίλτων

454 2393 634 2462 Keil.
679 2417 748 2483 Ρ.
785 2391 948 2477 181,
1009 2416 1206 2482 quem
1249 2393 1546 2485 neglexit
1587 2391 1867 2483 Papius)
1915 2405 2042 2462 ete.
2074 2419 2099 2444 ·

623 2498 816 2586 Pag.
865 2498 988 2563 111
1047 2521 1164 2562 nr.
1209 2495 1276 2563 6.
1364 2496 1563 2563 Adde
1605 2496 1930 2587 Hesyehii
1975 2500 2238 2590 glossas

453 2603 937 2690 πέργουλον,
988 2597 1362 2684 ὀρνιθάριον
1406 2600 1733 2685 ἄργειλεῇιω
1777 2599 2077 2682 (Musur.
2113 2601 2336 2687 ’Ἄργει
2375 2601 2668 2685 λευκόν).

454 2704 839 2793 πέργουν,
898 2703 1236 2785 πρέσβεις·
1303 2708 1365 2769 οἱ
1409 2702 1589 2770 αὐτοί
1612 2704 1928 2786 (Μιιειιτ.
1973 2704 2272 2792 πέργεις).

633 2806 708 2871 ln
752 2805 954 2873 altera
1010 2805 1234 2893 glossa
1286 2806 1430 2895 ipse
1486 2806 1824 2874 literarum
1868 2806 2029 2873 ordo
2074 2807 2267 2873 docet
2325 2831 2462 2874 non
2509 2811 2670 2895 πέρ-

454 2935 602 2994 yovv
645 2930 794 2974 cum
835 2906 1115 2974 Musuro
1159 2909 1539 2974 tentandum
1586 2933 1772 2993 esse,
1862 2909 1981 2975 sed
2034 2911 2316 2994 πρέσβυν
2361 2912 2666 2978 seriben-

456 3012 641 3080 dum.
727 3009 836 3079 En
883 3012 1175 3100 glossam
1215 3011 1625 3100 apertissime
1668 3011 2103 3079 Laconicam!
2209 3012 2437 3095 Quum
2479 3014 2652 3078 enim

455 3114 720 3198 πέργουν
781 3113 869 3180 sit
913 3136 1048 3202 pro
1095 3114 1359 3199 σπέργυν
1404 3146 1480 3173 =
1526 3117 1837 3200 πρέσβυν,
1913 3125 1979 3180 et
2019 3140 2058 3179 v
2102 3115 2172 3179 in
2219 3141 2292 3181 ov
2339 3126 2661 3182 mutatum

457 3228 525 3283 et
561 3240 608 3278 σ
651 3215 981 3301 abjectum
1026 3216 1189 3297 (vid.
1236 3216 1301 3300 ξ.
1348 3216 1471 3301 15,
1517 3218 1585 3294 3)
1635 3217 1985 3284 dialectum
2026 3229 2351 3306 ιιι-ξηαπς
2405 3217 2668 3285 accedit

458 3316 661 3383 index
704 3321 763 3381 οἱ
808 3316 988 3383 αὐτοί
1014 3368 1034 3395 ,
1113 3319 1229 3410 qui
1284 3320 1554 3410 saepius
1612 3321 1685 3386 iu
1726 3321 1969 3409 glossis
2014 3320 2370 3388 Laconicis
2411 3322 2670 3412 reperi·

459 3430 607 3497 tur,
667 3428 740 3487 ut
779 3417 849 3484 in
893 3421 1208 3504 μίργωσαι
1250 3432 1315 3487 et
1356 3422 1645 3508 μούρκορ
1688 3424 1823 3490 vid.
1870 3424 1935 3506 ἓ.
1977 3425 2057 3509 8,
2104 3426 2170 3492 3.
2216 3465 2299 3476 -
2357 3426 2440 3491 ln
2485 3425 2668 3516 prio-

459 3545 534 3590 te
576 3520 800 3613 glossa
841 3519 1106 3588 Masuri
1160 3524 1494 3589 temeritas
1540 3525 1805 3592 criticos
1861 3538 2009 3593 ante
2065 3526 2360 3594 codicem
2419 3552 2671 3594 excus-

463 3648 609 3691 sum
654 3623 726 3689 in
756 3623 974 3691 varios
1016 3647 1274 3691 errores
1316 3625 1626 3712 induxit3
1685 3651 1902 3718 neque
1943 3640 2157 3695 tamen
2203 3630 2418 3719 magis
2452 3629 2669 3696 Scho-

459 3725 581 3793 wii
625 3726 992 3794 emendatio
1047 3727 1312 3816 probari
1369 3740 1629 3819 potestz
1703 3729 1978 3816 Ἀργεῖοι
2018 3732 2286 3815 λέγουσι.
2376 3731 2669 3797 Veriora

464 3827 658 3894 docet
718 3829 939 3918 glossa
968 3858 986 3893 ε
1079 3831 1269 3915 σπέρ
1286 3841 1524 3914 γουλο
1545 3859 1611 3911 ς,
1703 3832 2077 3916 ὀρνιθάριον
2138 3833 2376 3918 ἄγριον.
2510 3833 2667 3900 Jum

465 3926 829 3999 Salmasius
886 3930 969 3995 ad
1012 3931 1231 3998 Solin.
1288 3958 1358 4023 Ρ.
1406 3935 1556 4001 315.
1605 3935 1662 4000 Β
1688 3982 1710 4018 ‚
1788 3936 2200 4002 intellexerat
2226 3982 2248 4018 ‚
2320 3937 2670 4021 σπέργυλος

465 4030 690 4119 (cujus
732 4032 1075 4099 Aeolicam
1131 4036 1405 4102 formam
1464 4037 1835 4119 σπέργουλος
1893 4062 2040 4103 8888
2102 4037 2383 4128 putavit)
2452 4037 2668 4102 demi·

464 4135 767 4199 nutivum
824 4158 970 4202 8888
1034 4160 1071 4200 a
1132 4138 1397 4223 σπὲργυς
1444 4170 1517 4197 =
1565 4141 1841 4222 πρέσβυς
1900 4150 1965 4205 et
2010 4140 2304 4227 ejusdem
2363 4139 2666 4206 aviculae

465 4236 1010 4326 appellationem,
1055 4263 1225 4327 quae
1266 4242 1467 4329 vulgo
1511 4266 1546 4306 a
1585 4240 1855 4307 Graecis
1894 4240 2216 4327 τρόχιλυς,
2276 4242 2359 4308 ab
2399 4242 2666 4308 Aristo·

468 4340 598 4406 tele
640 4337 815 4404 Hist.
864 4339 999 4405 An.
1047 4340 1150 4406 lx
1177 4388 1198 4424 ‚
1247 4342 1323 4408 11
1382 4342 1680 4425 βασιλεὺς
1721 4354 1793 4432 81ῑΔ
1827 4346 2143 4430 πρέσβυς,
2214 4345 2301 4411 ab
2342 4343 2495 4411 aliis
2537 4352 2664 4427 βα-
