2875 5000
554 433 711 560 226
1102 429 1109 442 ’
1310 432 1426 506 De
1479 427 1982 503 declinatione.

560 632 807 701 Dorica
851 632 1091 700 dicitur
1119 636 1216 713 ⁵),
1262 653 1386 697 nec
1429 630 1654 699 minus
1697 630 1923 697 Ionica
1966 652 2081 692 εων
2110 628 2188 706 ⁶).
2277 622 2596 712 vulgaris
2637 636 2753 689 ter-

563 736 836 804 minatio
883 732 1396 801 describentium
1441 735 1604 800 vitio
1662 734 1731 799 in
1788 730 2003 798 titulis
2048 726 2568 817 corruptioribus
2615 726 2753 793 sul»-

564 837 720 905 inde
761 836 1039 925 legitur,
1081 846 1154 900 ut
1199 834 1473 925 Cor-cyr.
1510 836 1701 919 1845,
1724 835 1791 901 b.
1837 833 1920 900 35
1962 836 2288 916 τεχνιτῶν,
2334 853 2539 919 quum
2583 831 2631 895 l.
2660 829 2751 895 16.

564 942 644 1006 41
706 949 883 1006 recte
940 935 1029 1002 sit
1082 943 1392 1022 τεχνιτᾶν,
1468 939 1699 1004 Herm.
1754 935 1960 1017 1193,
2004 932 2090 1000 20
2147 933 2458 1015 ἑκατέρων
2514 934 2754 1006 πολίων,

564 1042 741 1134 quod
799 1029 1177 1106 Boeekhius
1238 1064 1370 1105 non
1431 1040 1708 1106 debebat
1759 1036 2178 1128 relinquere,
2279 1034 2535 1099 Lacon.
2605 1031 2758 1098 1334

569 1145 1024 1226 Γερονθρατῶν
1068 1141 1151 1207 ab
1195 1142 1423 1208 eodem
1469 1154 1791 1208 retentum
1836 1152 1960 1205 etc.

735 1244 1095 1309 Dativus
1149 1243 1531 1332 pluralis
1590 1246 1661 1309 in
1717 1243 1932 1310 titulis
1978 1241 2286 1306 omnibus
2329 1239 2596 1330 vulgari
2640 1247 2760 1302 ter-

566 1345 923 1414 minatione
969 1371 1072 1421 αις·
1114 1344 1343 1410 utitur.
1434 1345 1739 1435 Longior
1779 1345 1985 1410 forma
2023 1345 2229 1407 ταῖσιν
2265 1342 2615 1429 legebatur
2638 1340 2758 1428 Ly-

567 1449 745 1514 sistr.
788 1449 992 1530 1268,
1041 1446 1156 1513 ubi
1195 1470 1374 1514 nunc
1415 1450 1556 1522 ταῖς
1597 1447 1907 1535 scriptum
1952 1457 2076 1511 est.
2168 1443 2321 1510 Non
2366 1443 2758 1524 dubitamus,

568 1550 732 1641 quin
780 1550 975 1619 etiam
1007 1548 1402 1640 Epicharmo
1446 1551 1561 1617 illa
1606 1550 1704 1616 uti
1746 1548 2049 1625 licuerit,
2094 1558 2167 1612 ut
2210 1546 2416 1636 simili
2462 1545 2763 1612 termina·
2849 1547 2853 1566 '

566 1655 745 1719 tione
790 1655 858 1718 in
903 1650 1340 1720 declinatione
1385 1653 1698 1718 secunda.

736 1753 1313 1822 Accusativus
1368 1754 1749 1846 pluralis
1806 1754 2190 1844 plerumque
2253 1754 2598 1841 vulgarem
2644 1753 2763 1820 for-

570 1882 738 1926 mam
785 1868 1005 1942 tenete,
1070 1880 1224 1946 pars
1266 1855 1695 1922 Doriensium
1752 1855 2049 1923 ultimam
2093 1855 2490 1945 corripiebat
2511 1902 2532 1938 ,
2601 1854 2764 1945 quod

570 1959 747 2028 idem
794 1958 1102 2023 omnibus
1142 1959 1359 2048 poetis
1403 1958 1673 2024 Doricis
1715 1959 1989 2025 licuisse
2031 1960 2339 2040 videtur,
2382 1958 2525 2023 vid.
2570 1959 2633 2041 §.
2658 1959 2761 2039 21,

570 2065 652 2146 13
718 2085 871 2149 pars
914 2058 1328 2126 Cretensium
1388 2069 1455 2125 et
1508 2061 1915 2151 antiquiores
1934 2109 1956 2143 ,
2021 2071 2095 2127 ut
2135 2061 2434 2144 videtur,
2503 2060 2764 2151 Argivi,

569 2162 1096 2251 antiquissimam
1139 2161 1667 2256 terminationem
1704 2190 1813 2239 avg·
1836 2163 2267 2246 retinuerant,
2312 2163 2448 2229 vid.
2481 2167 2548 2247 ξ.
2574 2165 2687 2246 14,
2713 2163 2764 2228 l.

740 2266 813 2338 4)
901 2262 1283 2353 Composita
1338 2288 1490 2330 eum
1553 2265 1745 2350 λαός,
1831 2266 2012 2354 qnod
2052 2264 2299 2331 Dorice
2342 2265 2412 2330 in
2457 2273 2576 2340 λας
2625 2289 2766 2331 cou-
2845 2255 2853 2348 f

571 2363 849 2432 trahitur
890 2362 1053 2450 (w‘d.
1078 2366 1164 2449 ἓ.
1209 2367 1320 2451 24,
1350 2364 1465 2453 6),
1509 2367 1786 2457 primam
1830 2366 2334 2433 declinationem
2378 2380 2765 2457 sequnntur,
2850 2441 2853 2448 Ι

572 2482 646 2536 ut
690 2468 860 2535 Gen.
907 2467 1253 2551 Ἀρκεσίλα
1291 2469 1529 2557 Argiv.
1582 2468 1662 2536 C.
1714 2469 1770 2535 I.
1833 2494 1931 2539 ur.
1982 2471 2065 2553 2,
2122 2468 2470 2552 Ἀριστόλα
2515 2469 2762 2536 Lacon.

573 2572 780 2667 1457,
867 2570 1022 2636 Dat.
1081 2570 1251 2653 Ἰόλᾳ
1308 2573 1512 2638 Pin-d.
1578 2572 1723 2657 111,
1782 2572 1906 2656 36,
1992 2572 2244 2654 Μενέλᾳ
2302 2571 2391 2636 Ν.
2438 2570 2622 2654 VII,
2669 2572 2764 2646 28,
2848 2646 2850 2651 ⁴

571 2672 1244 2771 Accus4'Apuwae'Zav
1284 2673 1592 2764 Astypal.
1638 2675 1856 2758 2483,
1929 2675 2098 2741 Voc.
2150 2676 2526 2757 Πρωτεσίλα
2572 2672 2762 2740 Pind.
2849 2672 2850 2677 ’

572 2779 800 2871 Isthm.
850 2773 922 2859 Ῑ,
972 2774 1079 2842 58.

1547 2995 1612 3078 ς.
1669 2995 1777 3062 29.

1250 3152 1374 3202 lle
1417 3150 1934 3201 declinatione
1968 3147 2079 3201 11.

747 3298 813 3376 1)
918 3295 1240 3386 Vulgaris
1304 3295 1511 3362 Doris
1574 3296 1642 3360 in
1707 3297 1828 3362 hac
1894 3294 2333 3363 declinatione
2399 3298 2488 3381 ab
2557 3298 2768 3365 Attica

574 3398 853 3464 dialecto
900 3397 1070 3464 nihil
1125 3398 1363 3475 diflert.
1480 3396 1787 3465 Severior
1825 3396 2032 3467 Doris
2069 3399 2433 3489 genitivum
2483 3401 2763 3491 singula·

570 3524 711 3568 rem
755 3499 825 3567 in
872 3524 920 3562 ω
964 3499 1311 3581 terminat,
1367 3499 1505 3566 vid.
1552 3498 1616 3581 ξ.
1663 3497 1789 3581 25,
1835 3500 1911 3576 3,
1971 3510 2037 3566 et
2081 3500 2470 3591 plerumque
2511 3527 2766 3570 accuen-

570 3602 781 3668 tivum
822 3599 1145 3689 pluralem
1186 3596 1701 3667 masculinorum
1744 3612 1807 3665 et
1848 3588 2315 3669 femininorum
2361 3605 2432 3668 in
2480 3632 2593 3684 ως,
2637 3605 2767 3671 vid.
2847 3676 2848 3683 ἵ

572 3707 638 3790 ξ.
685 3703 810 3785 20,
855 3704 922 3770 2.
970 3702 1035 3767 d.
1138 3702 1322 3769 Idem
1366 3702 1435 3767 in
1482 3701 1819 3767 nonnullis
1861 3704 1969 3769 vel
2014 3692 2365 3772 severioris
2405 3707 2515 3774 vel
2561 3709 2767 3775 mitio·
2847 3774 2848 3777 ,

571 3805 667 3872 ris
711 3804 985 3885 Doridis
1023 3804 1380 3896 generibus
1434 3804 1507 3869 in
1566 3831 1638 3879 ος
1681 3804 2067 3894 corripitur,
2134 3808 2270 3873 vid.
2324 3808 2388 3892 ξ.
2435 3812 2517 3877 21
2543 3858 2567 3894 ,
2618 3812 2650 3876 1
2709 3819 2768 3874 et
2847 3808 2848 3887 s

642 4056 700 4120 6)
769 4020 993 4107 Etsm.
1043 4053 1143 4117 40,
1192 4026 1261 4105 δὲ
1304 4050 1546 4122 Δωρικῶς
1592 4050 1931 4121 azymam,
2001 4055 2073 4107 cf.
2127 4055 2218 4109 Et.
2270 4055 2340 4110 G.
2389 4060 2514 4122 31⁷,
2563 4060 2650 4112 σο.
2705 4084 2762 4095 -
2846 4030 2848 4079 4

573 4141 719 4194 Ann.
757 4141 909 4193 Oxx.
945 4139 1009 4204 1,
1046 4140 1176 4202 278,
1218 4142 1281 4192 17
1319 4137 1657 4192 Laconicum
1696 4139 1912 4194 dicitur
1944 4141 2191 4207 μωσάων,
2231 4160 2380 4197 corr.
2421 4147 2615 4206 μωσοῖν.
2845 4148 2846 4151 ’

641 4230 699 4289 6)
770 4226 861 4280 Et.
890 4226 969 4280 Μ.
1010 4227 1098 4291 40,
1136 4228 1206 4280 59
1247 4254 1304 4265 -—
1344 4228 1470 4292 5⁰⁷,
1510 4230 1575 4280 14
1613 4255 1677 4266 —
1715 4230 1840 4294 577,
1877 4229 1980 4293 44,
2016 4229 2108 4285 Et.
2138 4230 2210 4284 G.
2237 4232 2327 4298 23,
2360 4234 2431 4286 36
2469 4261 2526 4274 -—
2569 4230 2764 4295 386,⁵‚

572 4314 721 4367 Ann.
759 4314 911 4368 OxX.
951 4314 1013 4379 1,
1049 4314 1154 4379 23,
1193 4313 1261 4365 26
1297 4341 1363 4350 -
1398 4315 1605 4431 239,,1
1647 4341 1704 4352 —-
1747 4316 1881 4382 382,
1919 4319 2002 4369 ll.
