2875 5000
610 436 761 528 418
1095 449 1158 541 §.
1208 448 1329 526 49.
1382 449 1549 522 *De
1589 448 1971 523 severiore
2016 446 2344 523 Doride.

609 663 745 732 ret,
792 673 961 742 quae
1001 672 1151 717 cum
1178 648 1543 717 Tarentina
1586 650 1755 718 nihil
1799 650 2062 718 differre
2104 650 2403 718 videtur.
2486 651 2585 718 De
2624 663 2760 722 atro·

609 777 892 845 rumque
934 753 1204 843 linguae
1245 753 1544 821 fontibus
1601 753 1751 820 vide
1796 753 1862 838 ξ.
1907 754 1991 839 2,
2035 754 2108 820 7.
2162 753 2281 820 16.
2391 752 2758 843 Reliquamm

612 856 875 924 urbium
916 855 1387 923 Italioticarnm
1454 857 1639 923 nulla
1695 879 1901 945 purae
1955 855 2261 946 originis
2319 855 2592 922 Doricae
2634 869 2753 924 erat.

605 958 853 1049 Rhegii
921 968 1138 1025 tamen
1204 956 1529 1027 Messenii
1600 969 1675 1023 ut
1756 958 2034 1049 imperio
2115 958 2216 1025 ita
2303 958 2582 1026 dialecto
2636 982 2753 1048 prae

610 1059 1160 1128 Chalcidensibus
1201 1060 1492 1128 valuisse
1536 1061 1875 1179 videntur3
1929 1072 2116 1127 certe
2160 1060 2242 1126 in
2285 1082 2425 1127 una
2467 1083 2547 1125 ex
2579 1060 2745 1127 inscri-

605 1163 952 1255 ptionibus
993 1161 1322 1252 Rheginis
1365 1184 1403 1228 a
1439 1144 1811 1230 Morrisano
1855 1163 2164 1229 collectis
2224 1186 2296 1252 Ρ.
2351 1160 2437 1229 59
2479 1164 2643 1245 δᾶμος
2667 1186 2745 1228 ex·

607 1276 703 1332 tat
760 1264 878 1352 (de
919 1264 1112 1348 aliis,
1177 1288 1345 1356 quae
1399 1266 1571 1332 male
1613 1264 1694 1330 ad
1740 1264 2207 1354 Rheginornm
2255 1263 2597 1332 dialectum
2633 1264 2748 1329 refe·

607 1378 883 1453 runtur,
926 1365 1078 1434 vide
1122 1368 1188 1450 ξ.
1227 1367 1420 1451 14‚‘>
1378 1412 1446 1435 μ.
1480 1369 1520 1433 3
1569 1381 1634 1433 et
1674 1366 1740 1450 ξ.
1776 1366 1883 1451 37,
1935 1368 2020 1450 2,
2064 1378 2425 1458 praeterea
2464 1366 2525 1449 ἓ.
2555 1365 2647 1443 46,
2672 1367 2748 1449 6)3

607 1468 883 1537 eandem
939 1469 1235 1558 linguam
1277 1468 1565 1536 Buxenti
1627 1492 1940 1558 regnasse
1996 1469 2422 1555 credideris,
2467 1490 2637 1559 *quae
2676 1484 2749 1532 eo-

605 1570 788 1638 lonia
826 1595 866 1639 a
907 1570 1266 1638 Messeniis
1285 1619 1307 1655 ,
1379 1571 1497 1662 qui
1537 1571 1803 1661 Rhegio
1847 1571 2150 1638 Zanclen
2212 1572 2751 1659 commigraverant,

607 1672 783 1739 circa
827 1672 942 1741 ol.
990 1670 1321 1740 LXXVII
1365 1673 1642 1741 deducta
1684 1697 1829 1741 esse
1875 1674 2111 1740 fertur.
2206 1673 2449 1757 Latet,
2509 1695 2626 1762 quo
2655 1669 2751 1735 Do·
2801 1730 2802 1737 ,

607 1773 778 1842 ridis
820 1796 1065 1863 genere
1103 1785 1381 1864 utraque
1436 1774 1598 1842 urbs
1656 1799 1774 1840 usa
1820 1774 1930 1841 sit.
2020 1776 2408 1843 Locrorum
2448 1773 2754 1864 Epizephy·
2801 1860 2802 1869 ἵ

608 1876 857 1945 riorum
912 1877 1111 1975 origo
1160 1876 1634 1943 obscurissima
1692 1888 1830 1963 est3
1892 1876 2341 1944 Doriensium
2402 1887 2468 1942 et
2508 1872 2748 1965 Spartani
2801 1878 2802 1947 Τ

610 1989 677 2046 et
718 1976 1117 2068 Syracusani
1171 1980 1468 2046 coloniae
1522 1979 1809 2070 aliquam
1849 1990 2098 2069 partem
2147 1978 2473 2046 hahuisse
2511 1977 2751 2043 videntur
2801 1974 2802 2033 ὲ

448 2140 472 2159 .
605 2080 744 2151 vid.
774 2080 971 2148 Miiu.
1006 2079 1172 2146 Dor.
1220 2081 1295 2163 Ι,
1341 2082 1468 2147 127
1510 2095 1576 2146 et
1617 2082 1725 2166 ΙΙ,
1771 2080 1923 2149 228.
2011 2081 2315 2148 Dialecti
2359 2079 2612 2146 unicum
2647 2096 2747 2163 spe·

607 2181 823 2248 cimen
882 2183 1181 2272 superest
1230 2181 1303 2246 in
1362 2182 1651 2249 carmine
1707 2183 2008 2274 populari
2052 2183 2350 2251 Locrico
2395 2182 2562 2274 apud
2593 2178 2746 2243 Athe·

607 2305 846 2351 naeum
885 2283 1021 2349 XV
1060 2308 1129 2374 p.
1176 2284 1347 2372 6973
1376 2312 1381 2321 ·
1413 2285 1618 2351 Doris
1659 2298 1966 2374 apparet,
2033 2286 2328 2353 maxime
2369 2285 2442 2350 in
2479 2282 2675 2368 ἐςορᾔς
2702 2286 2745 2340 θῐ

606 2385 832 2470 pondu,
893 2397 960 2453 et
1001 2385 1073 2451 in
1114 2387 1280 2469 boc,
1341 2387 1401 2455 si
1444 2399 1617 2454 recte
1663 2387 1975 2476 scriptum
2020 2399 2163 2473 cst,
2225 2385 2549 2453 Italiotica
2583 2375 2744 2446 infini-

605 2486 730 2555 tivi
757 2488 1108 2580 correptio.
1174 2489 1543 2582 Pleraeque
1574 2489 1803 2558 Italiac
1844 2491 2044 2558 urbes
2072 2489 2374 2558 Graecae
2416 2486 2497 2553 ab
2519 2477 2743 2551 Achaeis
2803 2513 2804 2530 κ

608 2589 912 2657 conditae
957 2601 1178 2677 erant,
1253 2606 1329 2657 ut
1372 2591 1647 2684 Sybaris
1692 2602 1759 2658 et
1801 2591 2048 2659 Croton
2096 2615 2253 2660 cum
2298 2588 2574 2675 coloniis
2609 2582 2742 2662 snis3
2803 2649 2804 2658 χ

609 2691 923 2760 Crotonis
980 2692 1200 2785 aliqua
1255 2719 1410 2785 pars
1452 2694 1833 2762 Laconibus
1888 2693 2272 2762 vindicatur
2309 2694 2504 2764 ΜιιΠ.
2544 2689 2681 2754 Dor.
2718 2679 2741 2743 l
2803 2695 2804 2704 ’

603 2817 677 2885 Ρ.
725 2794 874 2861 126.
959 2794 1180 2864 Valde
1221 2806 1442 2863 tamen
1483 2796 1778 2864 dolemus
1801 2841 1822 2879 ‚
1870 2795 2049 2887 quod
2092 2797 2178 2863 de
2221 2798 2618 2864 Achaeorum
2649 2783 2741 2850 1¹¹·

602 2894 735 2963 liae
776 2895 1006 2987 lingua
1048 2921 1185 2964 non
1225 2898 1436 2987 magis
1479 2908 1735 2966 constat
1774 2921 1968 2989 quam
2012 2897 2100 2966 de
2139 2891 2739 2989 Peloponnesiorum·

603 2997 920 3066 Petiliam
961 3019 1002 3067 a
1027 2998 1397 3069 Philoctete
1441 3000 1767 3068 conditam
1810 3023 2001 3085 ease,
2044 3003 2138 3068 ef.
2179 2999 2469 3068 Boeclth.
2512 2994 2585 3060 ad
2609 2989 2673 3054 C·
2695 2984 2738 3049 Ῑ
2803 3067 2804 3070 ,

606 3121 712 3164 nr.
759 3101 849 3186 4,
904 3101 1083 3169 haud
1120 3103 1318 3171 facile
1358 3103 1726 3215 credimus‘,
1770 3113 2018 3170 tessera
2061 3100 2450 3171 Petiliensis
2489 3092 2739 3163 Doricam
2803 3097 2804 3100 ’

605 3197 960 3271 dialectum
1017 3205 1110 3271 ita
1168 3206 1469 3285 exhibet,
1537 3216 1611 3273 ιιι
1668 3229 1881 3296 genus
1937 3217 2211 3297 propter
2266 3203 2582 3293 antiquam
2618 3187 2735 3258 scri-

602 3310 863 3390 pturam
908 3304 1196 3373 discerni
1239 3319 1544 3398 nequeat.
1645 3307 1962 3398 Superest
2014 3307 2364 3399 inscriptio
2407 3305 2482 3369 in
2514 3287 2737 3364 Bfflffil³

604 3402 835 3470 nescio
889 3406 1009 3472 ubi
1065 3417 1361 3498 reperta,
1422 3410 1497 3474 in
1554 3433 1682 3499 qua
1743 3408 2037 3477 severius
2078 3407 2360 3479 Doridis
2414 3421 2605 3492 genus
2651 3411 2729 3478 ⁸1’·

601 3516 810 3598 paret.
918 3506 1068 3576 Hoc
1122 3508 1332 3600 igitur
1385 3510 1557 3579 ultra
1598 3511 2109 3579 Tarentinorum
2153 3521 2220 3579 et
2262 3495 2731 3574 Hencleensium

602 3606 772 3675 fines
826 3608 957 3676 late
1017 3633 1138 3701 per
1175 3609 1486 3702 Magnam
1531 3609 1871 3680 Graeciam
1916 3637 2212 3707 sparsum
2252 3610 2458 3679 fuisse
2499 3595 2724 3687 gusplffi·

610 3732 783 3775 mur.
896 3711 1047 3780 Jam
1089 3714 1413 3781 Italiotica
1453 3715 1803 3782 severioris
1842 3716 2121 3784 Doridis
2167 3711 2417 3805 specics
2457 3731 2491 3771 a
2528 3697 2727 3784 reliquo

607 3811 936 3882 severiore
974 3839 1224 3907 genere
1264 3818 1371 3885 his
1411 3818 1830 3908 potissimum
1872 3817 2080 3885 rebus
2112 3811 2556 3903 distinguitur·

773 4007 947 4076 Cum
990 4011 1368 4083 Laconibus
1411 4013 1710 4085 Italiotae
1751 4043 1793 4097 η
1837 4029 1905 4084 et
1947 4044 1997 4082 ω
2044 4040 2164 4111 pro
2204 4005 2571 4119 vulgaribus
2602 4019 2647 4060 ὃ*
2671 3995 2718 4053 ⁶¹

602 4133 680 4176 ου
721 4113 1092 4180 communia
1131 4119 1374 4184 habent
1415 4120 1708 4211 exceptis
1751 4120 2145 4206 infinitivis,
2188 4118 2303 4210 qui
2341 4102 2640 4180 Laconicc
2670 4090 2721 4154 111

600 4240 681 4293 ην
738 4215 1098 4284 desinunt‘
1080 4245 1102 4303 3
1164 4243 1315 4286 nam
1373 4221 1443 4286 iu
1500 4223 1608 4288 bis
1663 4223 1930 4315 quidem
1973 4225 2265 4293 Italiotae
2306 4202 2717 4297 correptionem
